3530 5026
816 499 856 564 ’11

313 693 400 760 Cera
439 693 529 759 flava
561 715 629 759 una
662 714 737 759 cum
771 693 987 760 chloroformi
1021 696 1210 781 quantitate
1244 697 1400 764 undecies

272 805 361 866 tanta
384 801 508 866 leniter
528 799 689 866 calefacta
711 802 872 888 liquorem
895 801 1053 887 praebeat
1076 803 1317 887 propemodum
1335 805 1399 870 olu-

271 929 350 986 rum‚
374 906 539 973 calefacta
558 908 596 972 in
618 908 692 974 oleo
716 908 960 974 terebinthinae
982 907 1080 974 facile
1103 914 1137 975 et
1160 909 1400 994 propemodum

272 1019 341 1079 tota
358 1014 531 1094 solvatur3
550 1015 586 1079 in
605 1014 740 1081 residuo
758 1015 880 1100 exiguo
900 1037 959 1101 per
970 1015 1224 1100 microscopium
1235 1018 1401 1102 spectanti

272 1142 374 1205 grona
396 1122 531 1206 pollinis
552 1123 841 1208 conspicuasunt.

314 1226 417 1293 Cerae
440 1227 547 1294 flavae
569 1232 754 1315 grammate
780 1233 796 1292 1
821 1250 897 1293 cum
920 1251 1025 1314 equae
1048 1228 1254 1294 centimetris
1276 1230 1401 1295 cubicis

275 1337 314 1398 25
347 1341 381 1400 et
416 1335 607 1402 curbonatis
641 1336 762 1402 natrici
796 1335 991 1422 grammatis
1026 1337 1067 1399 10
1097 1341 1267 1414 concocto,
1292 1336 1401 1422 liquor

273 1461 422 1526 equestre,
447 1462 531 1520 cera,
553 1442 643 1507 lente
666 1441 873 1528 refrigerata,
897 1441 933 1505 in
956 1447 1100 1507 stratum
1119 1447 1255 1521 secreta,
1269 1447 1401 1508 tantum

273 1545 389 1614 leviter
410 1549 589 1634 opeleecat.

315 1651 419 1719 Cerae
449 1654 558 1720 flavae
580 1661 766 1742 mammete
791 1659 811 1721 3
834 1657 864 1722 si
885 1678 952 1722 una
975 1677 1050 1720 cum
1073 1655 1234 1721 alcoholis
1256 1655 1401 1722 absoluti

273 1761 456 1827 centimet'
510 1761 635 1828 cubicis
670 1766 712 1827 50
747 1763 827 1827 dum
861 1763 1024 1830 ebulliant
1057 1762 1256 1840 calefeceris,
1281 1763 1400 1827 deinde

273 1866 583 1953 phenolphthsleini
605 1873 721 1954 guttas
742 1873 783 1934 10
802 1869 970 1934 addideris
990 1875 1033 1947 et,
1054 1868 1273 1934 cucurbitain
1286 1870 1401 1954 patina

273 1993 356 2058 aqua
389 1975 496 2040 calide
529 1975 667 2060 impleta
700 1976 819 2061 posita,
855 1976 988 2042 assidue
1011 1981 1209 2041 convertens
1232 1997 1292 2061 per
1313 1976 1401 2041 solu·

162 2157 166 2168 .
273 2079 396 2145 tionem
415 2081 633 2166 spirituosam
652 2082 805 2168 hydratis
816 2082 918 2148 kelici
929 2080 1195 2148 seminormalem
1207 2081 1350 2160 titrabis,
1363 2087 1402 2146 ut

273 2186 377 2252 mixte
406 2187 594 2266 rubescant,
626 2189 726 2254 huius
754 2189 933 2255 solutionis
956 2189 1153 2254 centimetra
1175 2189 1290 2254 cubica
1314 2191 1334 2253 2
1357 2189 1401 2253 ed

274 2295 324 2370 2,5
358 2295 579 2380 requirantur.
627 2294 731 2362 Cuius
762 2296 938 2362 solutionis
969 2295 1173 2360 centimetris
1204 2294 1327 2360 cubicis
1358 2299 1400 2360 30

274 2399 391 2465 deinde
409 2401 534 2468 additis
556 2407 591 2468 et
614 2403 742 2490 liquore
765 2425 825 2489 per
847 2402 964 2468 horam
976 2424 1051 2467 cum
1062 2402 1283 2468 restillatione
1295 2407 1400 2480 cocto,

274 2508 299 2572 si
321 2529 382 2594 per
403 2508 534 2574 acidum
558 2508 850 2595 hydrochloricum
873 2508 1105 2574 seminormale
1123 2507 1399 2584 retrotitrabitur‚

274 2613 357 2678 acidi
391 2614 587 2680 centimetra
621 2616 737 2681 cubica
761 2618 836 2694 21,9
859 2616 901 2680 ed
925 2617 1000 2694 22,2
1023 2615 1246 2701 requirantur.
1293 2613 1401 2678 Index

273 2719 524 2799 acidimetricus,
558 2721 636 2787 inde
669 2722 799 2802 ductus,
824 2727 876 2788 est
901 2725 942 2787 18
970 2723 1013 2787 ad
1037 2724 1091 2804 24,
1112 2722 1214 2787 index
1233 2721 1401 2787 esterime·

274 2825 374 2892 tricus
398 2827 440 2892 73
463 2827 506 2892 ad
530 2828 616 2906 75,8.

316 2931 420 2998 Gerae
442 2933 549 2999 flavae
571 2936 766 3020 grammatis
790 2939 810 3000 2
832 2957 900 3002 una
922 2957 998 3002 cum
1020 2935 1108 3002 scidi
1129 2934 1282 3001 sulfurici
1300 2935 1401 3000 centi-

275 3038 388 3104 metris
415 3039 541 3106 cubicis
566 3044 608 3105 10
632 3063 691 3127 per
714 3042 816 3106 horae
839 3047 969 3127 partem
992 3047 1145 3129 quartam
1168 3042 1337 3108 calefactis
1358 3043 1402 3107 ad

275 3143 391 3224 caloris
414 3145 555 3232 gradum
581 3146 784 3227 101016οΜ,
808 3147 929 3214 deinde
950 3150 1076 3228 mixtis,
1101 3148 1399 3234 semireirigeratis‚

275 3273 357 3336 aqua
386 3253 513 3331 dilutis,
542 3259 686 3321 stratum
708 3255 852 3322 solidum
874 3278 916 3321 ne
939 3259 1132 3322 secernatur
1154 3255 1399 3342 (pereffluam).

538 3696 589 3794 ÷
622 3698 753 3795 tera
786 3700 1055 3793 Foliorum.

321 3889 411 3970 Cere,
446 3893 542 3958 cuius
574 3899 718 3960 stratum
748 3896 887 3981 pruinae
908 3896 1017 3962 instar
1041 3899 1093 3960 est
1113 3895 1150 3960 in
1173 3893 1265 3960 foliis
1287 3915 1402 3959 mono·

276 3998 509 4082 cotyledonum
542 4002 758 4087 quarundam,
803 4001 883 4067 inde
911 4001 1059 4067 radendo
1093 4007 1127 4066 et
1159 3998 1401 4088 liquefaciendo

277 4103 417 4172 collecta.
466 4105 571 4173 Cerae
594 4109 763 4176 Foliorum
786 4131 902 4195 genus,
925 4108 1015 4194 qued
1026 4129 1120 4172 merx
1131 4107 1258 4172 venalis
1269 4105 1403 4169 nomine

279 4207 359 4276 Cera
381 4213 560 4281 Cemauba
582 4223 700 4282 notum
724 4220 784 4294 cst,
808 4216 844 4280 in
868 4214 1011 4280 Braeilia
1034 4215 1235 4300 colligitura
1250 4211 1402 4294 copor-
