3530 5026
868 525 933 588 124

376 718 560 804 Evaporeri
571 739 702 803 qnoque
713 722 835 805 potest,
845 739 921 783 nere
929 722 1118 797 extenuate,
1127 718 1163 781 in
1171 722 1333 802 apparatu
1341 716 1462 783 idoneo

331 824 567 890 calefaciendo.

376 930 570 998 Percolotur
581 933 643 998 hoc
654 932 770 998 modo:
785 933 959 1010 Elementi,
973 931 1095 997 minuti
1106 931 1462 1018 quomodopreescrip-

331 1044 402 1103 tum
433 1039 506 1117 orit,
534 1044 647 1124 portes
670 1042 690 1104 3
715 1039 865 1105 modeste
888 1040 1035 1126 liquoris,
1060 1061 1239 1125 perquem
1262 1041 1460 1125 percolatur,

329 1145 481 1230 portibus
491 1149 520 1224 2,
529 1147 636 1211 mixto
646 1169 706 1232 per
717 1146 863 1213 cribrum
870 1149 970 1232 (AM)
976 1151 1120 1225 contere,
1133 1147 1279 1212 contrite
1291 1169 1351 1232 per
1361 1148 1460 1211 horus

332 1255 372 1315 12
384 1253 420 1315 in
442 1274 522 1318 vose
538 1253 650 1319 clauso
663 1275 801 1320 mecerc.
826 1255 971 1319 Moesum
986 1253 1118 1339 saepius
1129 1253 1250 1319 leviter
1262 1273 1414 1338 premens
1425 1253 1460 1316 in

327 1358 567 1444 percolatorem
589 1361 722 1427 inmitto
746 1367 780 1427 et
802 1361 950 1446 liquoris,
971 1383 1031 1447 per
1045 1381 1143 1446 quem
1155 1359 1352 1446 percolatur,
1366 1365 1461 1424 tanto

328 1467 516 1550 quontitate
547 1467 720 1553 perfunde,
751 1474 790 1532 ut
820 1467 929 1554 liquor
958 1467 1103 1532 defluere
1134 1467 1272 1552 incipiat
1294 1470 1328 1531 et
1351 1486 1461 1530 moseo

329 1572 466 1658 liquoris
496 1580 604 1639 struto
635 1575 727 1640 tenui
751 1582 866 1661 operte
889 1576 943 1642 sit.
969 1574 1178 1641 Percolatore
1201 1572 1315 1640 clauso
1338 1593 1460 1658 sepone

329 1700 388 1764 per
417 1680 517 1746 horos
542 1684 593 1745 24.
619 1681 743 1768 Liquor
766 1683 819 1748 inc
842 1682 995 1748 stillatim
1019 1681 1145 1747 defluet
1168 1686 1203 1746 et
1224 1702 1367 1745 messem
1391 1685 1459 1745 tom

328 1785 387 1851 diu
408 1787 545 1874 liquore,
570 1811 629 1874 per
650 1810 747 1874 quem
771 1789 969 1875 percolatur,
986 1787 1158 1875 perfunde,
1172 1794 1211 1854 ut
1222 1787 1332 1872 liquor
1342 1809 1459 1873 prope·

329 1893 463 1958 modum
488 1895 608 1960 colon's
631 1917 749 1982 expers
772 1897 907 1963 defluat.

374 2001 507 2086 Liquor,
539 2003 602 2068 hoc
624 2003 724 2068 modo
747 2005 802 2069 vel
826 2005 1064 2090 perspiritum
1087 2002 1286 2068 macerando
1309 2006 1456 2087 perotus,

327 2105 528 2172 destillnndo
551 2113 611 2174 out
633 2109 754 2176 celeris
773 2111 880 2195 gradu
893 2132 961 2174 non
979 2110 1053 2196 plus
1065 2131 1165 2195 quom
1177 2109 1236 2174 90⁰
1247 2108 1459 2194 evaporando

327 2219 385 2278 out
408 2235 493 2292 sere,
507 2219 658 2300 utsupra
671 2217 855 2283 indicatum
867 2223 927 2294 est,
941 2216 1153 2282 extenuando
1166 2215 1288 2301 spiritu
1300 2215 1460 2280 liberetur

328 2325 362 2384 et
373 2320 416 2384 nd
428 2321 679 2406 spissitudinem
689 2324 884 2409 requisitam
897 2323 1078 2410 redigatur.
1092 2321 1133 2387 In
1145 2323 1304 2388 extructis
1313 2321 1457 2407 liquidis,

327 2427 518 2512 spirituosis
552 2435 683 2495 tontum
717 2430 886 2517 percolato
916 2431 1008 2517 prius
1038 2435 1156 2516 perata
1178 2435 1402 2514 evaporentur
1425 2434 1458 2494 et

326 2556 410 2620 quoe
434 2535 475 2600 de
497 2538 689 2622 evaporatio
707 2544 916 2624 supererunt,
929 2560 1004 2604 cum
1015 2537 1174 2623 ponderis
1185 2535 1337 2622 requisiti
1349 2540 1456 2613 erunt,

327 2641 362 2705 in
385 2643 562 2727 persolutis
585 2645 678 2730 prius
700 2644 849 2712 collectis
872 2645 1056 2711 solventur.

372 2747 533 2815 Extrecto
555 2751 642 2818 sicco
665 2751 762 2818 focile
784 2753 820 2816 in
844 2754 1015 2838 pulverem
1037 2749 1219 2836 redigendo
1242 2755 1331 2815 sunt.

371 2855 412 2918 In
448 2854 617 2922 Extractis
651 2858 769 2944 spissis
801 2881 907 2946 oquae
941 2865 1053 2946 portes
1086 2858 1286 2925 centesimae
1317 2878 1359 2922 ne
1381 2858 1457 2943 plus

326 2983 424 3046 quom
450 2964 491 3026 20
514 2963 629 3042 insint,
652 2965 689 3029 in
712 2965 807 3031 siccis
830 2989 872 3031 ne
895 2966 971 3052 plus
994 2989 1093 3053 quom
1118 2969 1148 3032 6.
1181 2965 1352 3045 Quantum
1364 2965 1455 3042 insit,

326 3069 488 3133 statuitur
521 3071 662 3136 extracti
696 3077 880 3158 grammate
905 3077 933 3150 1,
958 3073 1160 3138 instratum
1184 3079 1283 3137 tenne
1306 3075 1454 3148 extent0,

324 3175 444 3240 coloris
467 3177 575 3261 gradu
600 3178 679 3243 105⁰
701 3179 856 3245 siceondo
879 3179 922 3244 od
945 3180 1076 3265 pondus
1099 3185 1267 3246 cenetens.

372 3279 523 3348 Extrocti
557 3291 779 3370 grommotnm
811 3289 830 3350 2
861 3288 970 3352 cinere
1003 3308 1070 3352 une
1104 3307 1178 3352 eum
1213 3284 1299 3351 scidi
1333 3284 1455 3369 hydro-

325 3388 461 3454 chlorici
484 3391 689 3457 centimetris
711 3393 940 3479 cubiciseper
963 3394 1064 3459 horse
1075 3391 1455 3480 portemsexsgesimsm

325 3502 493 3574 concoctn,
529 3497 655 3563 filtrote
688 3499 827 3585 liquoris
857 3501 907 3566 ito
937 3501 1055 3586 parati,
1080 3500 1195 3565 addito
1218 3498 1312 3564 aeide
1333 3499 1455 3583 hydro·

325 3600 495 3682 sulfurico,
531 3606 672 3690 speciem
707 3629 748 3671 ne
782 3613 923 3686 mutent,
959 3629 1019 3674 nec
1052 3607 1159 3692 magis
1190 3605 1309 3671 deinde
1332 3604 1456 3670 additis

325 3709 464 3774 aestatis
488 3711 610 3777 notrici
633 3715 828 3799 grammatis
854 3717 883 3779 2.

372 3814 583 3883 Extracto
612 3842 632 3884 o
663 3819 757 3886 luce
785 3826 950 3886 remoto
978 3825 1021 3898 et,
1045 3821 1082 3885 si
1105 3822 1321 3885 elemento
1342 3820 1454 3884 volo-

325 3920 429 3986 tilio
479 3925 717 4006 continent,
768 3929 810 3994 in
855 3929 1027 4014 lagenis
1072 3927 1180 3992 bene
1225 3926 1453 3992 obturetis

324 4037 567 4096 serventur
