3530 5026
807 529 869 591 145

271 723 427 807 liquorem
451 721 610 809 praebeat
632 723 767 800 clarum,
791 723 848 809 qui
871 722 986 787 addito
998 724 1136 809 spiritus
1149 724 1221 809 pari
1233 726 1401 791 volumine

272 849 312 892 ne
336 827 497 893 turbetur.

314 934 509 1000 Extractum
545 933 670 1000 Secalis
703 935 835 1000 cornuti
867 935 903 998 in
937 956 1024 1022 aqua
1057 938 1219 1020 (1:10)
1242 939 1397 1018 solutum,

269 1040 381 1106 addito
415 1041 556 1106 tannino
591 1042 643 1106 vel
677 1041 827 1107 chloreto
862 1041 1114 1128 hydrargyrico,
1146 1045 1399 1132 praecipitatum

270 1147 440 1212 abundans
464 1153 624 1225 secernat,
648 1170 709 1214 nec
731 1149 851 1227 minus,
875 1149 999 1214 additis
1022 1150 1108 1216 acidi
1132 1150 1282 1218 sulfurici
1301 1153 1399 1218 diluti

269 1259 364 1340 gutta
389 1258 405 1318 1
431 1260 465 1319 et
486 1255 599 1320 iodeto
622 1256 985 1343 kalicohydrergyrico.

309 1537 357 1636 ÷
392 1542 617 1635 [xtraaum
655 1539 815 1636 Secalis
849 1543 1001 1637 cernuli
1038 1544 1241 1663 liquidum.
1275 1545 1355 1639 fl.

312 1702 396 1767 Para
419 1723 437 1766 e

364 1814 468 1866 secan
488 1817 622 1866 cornuto
643 1809 682 1865 in
703 1808 903 1887 pulverem
924 1807 1003 1886 (Bw)
1034 1809 1199 1870 redacto

269 1910 453 1973 extractum
475 1907 647 1993 liquidum,
671 1928 737 1993 quo
760 1906 860 1972 modo
883 1905 1044 1972 Extracto
1067 1907 1248 1994 Hydrastis
1271 1909 1397 1996 liquido

268 2015 508 2100 praescriptum
531 2019 592 2080 est.

310 2121 482 2188 Percolsre
511 2142 612 2207 perge
641 2121 721 2186 dum
750 2121 860 2207 liquor
889 2122 1074 2200 aethereus,
1098 2128 1236 2207 paratus
1258 2125 1397 2212 liquoris

266 2227 442 2294 defluentis
471 2229 677 2294 centimetris
705 2227 830 2294 cubicis
859 2230 878 2290 2
905 2249 979 2292 cum
1002 2231 1187 2294 ammoniae
1209 2232 1397 2299 centimetri

265 2335 370 2401 cubici
393 2341 488 2421 parte
510 2334 648 2400 dimidia
659 2337 743 2419 (0‚5)
754 2339 788 2400 et
799 2335 944 2399 aetheris
955 2335 1396 2422 cubicislconquassandis,
1519 2384 1523 2392 -

266 2441 359 2506 acido
390 2441 551 2508 sullnrico
581 2441 857 2526 superimpositus
887 2463 929 2506 ne
959 2441 1080 2507 efficiat
1102 2448 1244 2508 stratum
1267 2445 1397 2510 confine

264 2548 446 2614 violaceum
467 2549 558 2614 intra
580 2551 682 2613 horae
705 2552 834 2633 partem
857 2547 1095 2614 duodecimam.

309 2655 434 2742 Liquor
463 2655 582 2732 clarus,
614 2654 753 2721 obscure
782 2654 892 2720 ruber.
926 2655 1061 2720 Pondus
1085 2656 1273 2741 specificum
1297 2660 1396 2736 0‚970

266 2761 307 2824 ad
330 2763 441 2838 0‚980.

310 2867 506 2933 Extractum
537 2867 660 2933 Secalis
690 2869 821 2934 cornuti
851 2868 1023 2954 liquidum,
1054 2869 1170 2935 addito
1196 2891 1302 2956 aquae
1325 2873 1397 2957 pari

265 2974 442 3056 volumine,
472 2975 634 3060 liquorem
661 2975 798 3059 praebet
821 2975 1000 3053 turbidum,
1029 2977 1096 3062 qui,
1119 2976 1235 3042 addito
1258 2979 1396 3064 spiritus

266 3083 337 3166 pari
359 3083 537 3160 volumine,
561 3082 723 3148 clarescit.

309 3187 462 3254 Extracti
492 3193 590 3273 gutta
621 3192 637 3252 1
663 3210 738 3254 cum
761 3189 929 3253 ammonia
952 3193 988 3253 et
1009 3190 1144 3254 aethere
1167 3197 1396 3276 conquassata,

265 3294 430 3380 quomodo
442 3316 544 3380 supra
555 3295 739 3360 indicatum
751 3300 811 3372 est,
825 3300 859 3359 et
878 3296 1007 3382 liquore
1018 3297 1174 3360 aethereo
1185 3296 1281 3361 acido
1293 3297 1398 3362 sulfu-

265 3400 331 3464 rico
343 3401 612 3486 superimposito,
627 3406 771 3467 stratum
782 3401 911 3467 confine
923 3402 1067 3467 colorem
1080 3403 1194 3467 trahat
1204 3403 1396 3468 violaceum.

311 3507 509 3573 Extractum
533 3507 658 3573 Secalis
681 3507 813 3573 cornuti
835 3508 998 3592 liquidum
1020 3508 1056 3571 in
1075 3507 1396 3595 balneoaquaeeva-

267 3618 420 3696 potatum
444 3619 555 3698 partes
577 3615 776 3680 centesimas
799 3612 869 3679 fere
895 3617 935 3679 15
958 3614 1135 3698 relinquat.

265 3737 376 3797 Doses
398 3739 578 3797 maximae
600 3739 760 3816 singulae
781 3739 1113 3815 milligrammatum
1134 3740 1203 3802 500.

265 3833 375 3896 Dosse
389 3836 570 3896 maximae
583 3836 620 3895 ln
636 3837 742 3896 horas
756 3837 901 3898 vicenas
915 3841 1106 3911 quaternae
1116 3842 1357 3913 grammatum
1368 3841 1396 3901 2.

309 3931 531 3998 Iniectionum
554 3933 833 4000 subcutanearum

267 4037 376 4099 Doses
397 4041 578 4100 maximae
601 4042 760 4118 singulae
782 3999 1116 4118 milllgrammetum
1137 4041 1205 4103 250.

267 4135 375 4198 Deees
396 4139 577 4198 maximae
595 4138 633 4198 ln
644 4139 751 4199 horae
762 4140 905 4199 vicenae
917 4141 1357 4214 quaternasgrammatum
1369 4139 1396 4198 1.

722 4305 924 4314 ———------

1313 4399 1346 4451 12
