3584 5026
868 507 931 570 252

331 703 568 769 bismuthicum
591 701 716 766 flavum
739 701 939 785 relinquens,
965 722 1085 786 equam
1109 705 1143 765 et
1161 722 1303 786 vapores
1315 703 1462 768 nitrosos

334 811 468 875 emittit.
1540 801 1541 806 ἵ

378 917 523 982 Nitratis
546 915 737 980 bismuthici
760 915 863 980 bssici
886 915 967 980 eluti
990 921 1212 1000 grammatum
1237 918 1378 1001 5squee
1391 937 1465 981 cen-

334 1023 476 1088 timetris
510 1022 634 1087 cubicis
669 1023 710 1087 75
735 1022 915 1087 mixtorum
938 1027 981 1100 et,
1006 1021 1199 1107 frequenter
1220 1029 1463 1107 quassatorum,

333 1149 392 1213 per
414 1130 513 1194 hores
535 1131 576 1192 24
600 1134 817 1205 servatorum,
841 1129 1042 1193 filtrstorum
1065 1129 1261 1194 centimetrc
1283 1130 1398 1194 cubica
1412 1133 1463 1206 50,

333 1241 372 1299 ut
394 1235 545 1300 neutrius
568 1236 747 1301 resctionis
771 1236 847 1314 sint,
873 1236 968 1300 clcsli
980 1235 1212 1301 decinormslis
1224 1259 1266 1300 ne
1279 1236 1353 1321 plus
1365 1258 1465 1322 qucm

333 1343 565 1407 centimetrum
589 1343 741 1407 cubicum
767 1347 783 1406 1
809 1343 990 1428 requirunt.

378 1449 409 1512 N
412 1449 524 1513 itrstis
543 1449 734 1514 bismuthici
757 1449 860 1514 basici
880 1449 961 1514 eluti
972 1471 1077 1534 cquae
1088 1451 1278 1534 quantitate
1289 1450 1464 1535 quinquies

333 1555 441 1620 decies
472 1559 568 1619 tantu
599 1556 696 1620 mixti
729 1561 772 1634 et,
801 1577 869 1620 non
892 1557 1051 1640 quassati,
1076 1577 1136 1641 per
1158 1557 1258 1622 horas
1282 1559 1302 1621 3
1326 1557 1464 1641 sepositi

332 1661 586 1747 praecipitatum
609 1685 651 1726 ne
670 1663 855 1728 cohaeserit
867 1667 900 1727 et
911 1677 1107 1747 quassatum
1119 1662 1216 1728 facile
1228 1663 1333 1727 dividi
1345 1664 1462 1748 possit.

378 1767 534 1834 Ceterum
554 1769 670 1834 Nitrus
690 1770 910 1834 bismuthicus
922 1769 1053 1836 basicus
1066 1770 1176 1835 elutus
1188 1769 1293 1835 isdem
1306 1771 1463 1855 puritatis

331 1876 460 1962 legibus
484 1875 679 1954 satisfaciat,
703 1876 824 1961 quibus
846 1876 964 1941 Nitrcs
987 1877 1208 1943 bismuthicus
1231 1878 1372 1943 basicus.

582 2300 631 2399 ÷
667 2305 854 2399 Mitras
895 2305 1129 2399 tuticus.

834 2480 958 2567 rusa.

376 2623 539 2687 Prismats
561 2622 682 2687 coloris
705 2623 864 2707 expertia,
888 2623 1065 2708 perlucide,
1090 2624 1258 2703 rhombes,
1283 2625 1462 2690 veleorum

330 2730 449 2814 pulvis.
474 2729 591 2795 Nitrss
604 2729 731 2794 kalicus
743 2729 779 2792 in
791 2751 896 2814 aquae
908 2730 1060 2815 partibus
1070 2733 1123 2808 8,8
1133 2732 1284 2810 solvitur,
1295 2732 1329 2795 in
1341 2731 1461 2817 spiritu

256 2901 257 2904 ,
331 2836 400 2900 iere
424 2857 492 2900 non
516 2836 668 2901 solvitur.

374 2942 519 3008 Nitrstis
543 2929 643 3007 ksiici
664 2963 814 3027 gramme
839 2946 855 3005 1
880 2943 915 3006 in
938 2965 1042 3029 equae
1065 2945 1269 3010 centimetris
1281 2945 1406 3010 cubicis
1419 2947 1460 3009 20

328 3049 485 3128 solutum,
509 3049 624 3115 addito
647 3049 734 3114 acidi
756 3050 906 3115 tarterici
929 3058 1113 3135 grammate
1138 3057 1154 3116 1
1180 3053 1291 3118 soluto
1309 3052 1461 3138 inequse

327 3157 532 3221 centimetris
572 3156 696 3222 cubicis
731 3159 761 3234 3,
798 3156 1051 3241 praecipitatum
1084 3159 1206 3236 elbum,
1231 3159 1461 3245 crystallinum

328 3263 482 3348 deponit3
507 3263 645 3348 liquoris
664 3264 744 3329 clari
762 3263 840 3327 inde
851 3263 962 3328 defusi
979 3266 1183 3332 centimetris
1195 3267 1319 3333 cubicis
1332 3270 1361 3344 3,
1375 3265 1461 3332 scidi

328 3369 480 3436 sulfurici
503 3371 708 3436 centimetris
730 3371 886 3436 cubicis3
906 3372 1029 3450 mixtis,
1043 3372 1178 3438 sulfstis
1189 3373 1354 3457 ferrosi(1
1373 3399 1407 3433 =
1424 3374 1461 3455 3)

328 3477 534 3542 centimetris
553 3479 678 3544 cubicis
700 3477 914 3562 3prudenter
926 3479 1202 3566 superimpositis,
1227 3485 1371 3545 stratum
1383 3501 1460 3544 con-

327 3583 393 3648 fine
416 3583 648 3670 fusconigrum
673 3589 734 3650 est.

372 3691 490 3757 Nitrss
508 3691 638 3757 kelicus
657 3691 823 3758 flammam
843 3715 911 3759 non
930 3693 1096 3760 lucentem
1108 3695 1218 3760 colore
1231 3695 1320 3759 flavo
1332 3715 1374 3758 ne
1387 3692 1459 3756 infi-

328 3798 404 3862 ciut.

372 3903 488 3969 Nitrss
522 3905 651 3972 kslicus
686 3907 720 3970 iu
748 3929 835 3992 aqua
857 3909 1020 3992 (1:20)
1043 3909 1173 3973 solutus
1197 3908 1313 3986 claruS,
1339 3906 1458 3972 coloris

327 4032 453 4094 expers,
478 4015 630 4078 neutrius
653 4015 831 4079 reactionis
854 4015 899 4080 sit
922 4037 1006 4079 neve
1029 4015 1144 4080 addito
1168 4015 1264 4080 ccido
1283 4011 1458 4099 hydrosul-

328 4116 434 4182 turico
458 4141 541 4183 neve
565 4120 799 4207 sulfohydrste
822 4123 1007 4187 ammonico
1030 4145 1114 4187 neve
1138 4123 1316 4187 carbonata
1329 4119 1457 4185 nstrico

327 4245 409 4287 neve
432 4225 556 4290 nitrcte
579 4229 731 4313 berytico
755 4229 897 4314 speciem
921 4235 1038 4296 mutet.
