3544 5050
842 530 906 592 431

524 721 744 818 Tartras
777 723 1237 819 taliae-natrices.

737 916 799 986 Sal
822 916 1013 1002 Selgnetti.

578 1077 1197 1180 C,H,(0H),000K.000Na.4fl,0.

354 1236 524 1324 Crystalla
546 1238 667 1305 coloris
679 1239 839 1326 expertia,
852 1239 1031 1326 perlucida,
1051 1239 1220 1318 rhombea,
1237 1261 1322 1326 quae
1334 1239 1443 1304 calore

307 1344 503 1430 liquescunt.
517 1345 655 1410 Tartras
667 1346 942 1412 kalico-natricus
953 1347 989 1410 in
1001 1368 1105 1433 equae
1117 1352 1212 1432 parte
1227 1349 1279 1424 1,2
1288 1346 1440 1412 solvitur.

352 1452 490 1518 Tartras
513 1453 787 1519 kalico-natricus
810 1455 1017 1519 comburitur
1029 1475 1190 1540 spargens
1202 1454 1338 1520 odorem
1352 1454 1443 1520 velut

308 1559 457 1624 saccheri
479 1559 561 1625 tosti
574 1581 581 1638 ;
605 1561 799 1626 combustus
810 1561 954 1626 cinerem
966 1561 1110 1626 carbone
1122 1561 1264 1626 mixtum
1274 1561 1442 1646 relinquit,

308 1665 366 1749 qui
388 1667 539 1731 chartam
569 1666 828 1753 exploratoriam
848 1668 995 1745 rubram,
1020 1667 1240 1733 madefactam
1260 1668 1444 1732 caeruleam

308 1771 420 1837 reddit
443 1778 477 1838 et
496 1772 668 1838 flammam
690 1797 759 1839 non
781 1776 947 1840 lucentem
969 1775 1080 1839 colore
1103 1775 1200 1840 valde
1216 1775 1308 1839 flavo
1321 1774 1441 1840 inficit.

308 1876 350 1940 In
372 1899 460 1964 aque
482 1881 644 1964 (1:10)
666 1879 806 1957 solutus,
830 1901 906 1944 cum
928 1880 1015 1945 acidi
1037 1881 1154 1946 aeetici
1178 1882 1251 1967 pari
1273 1883 1442 1946 volumine

309 1989 559 2068 conquassatus,
582 1985 838 2071 praecipitatum
861 1986 982 2064 album,
1007 1988 1237 2072 crystallinum
1260 1988 1407 2074 deponit.

353 2091 491 2157 Tartras
524 2092 799 2157 kalico-netricus
828 2093 865 2156 in
894 2115 980 2178 equa
1002 2097 1158 2179 (1:10)
1180 2095 1310 2160 solutus
1333 2096 1442 2160 clarus

308 2196 363 2274 sit,
395 2196 516 2263 coloris
546 2219 674 2285 expers,
705 2200 857 2264 neutrius
880 2201 1068 2280 reactionis,
1093 2224 1178 2266 neve
1201 2202 1316 2266 addito
1340 2201 1443 2268 sulfo-

307 2303 450 2389 hydrate
473 2306 659 2371 ammonico
682 2327 765 2370 neve
789 2307 921 2371 oxalate
944 2308 1130 2374 ammonico
1153 2309 1297 2395 speciem
1320 2314 1443 2388 mutet3

307 2432 366 2496 per
388 2411 520 2476 acidum
542 2412 699 2478 uitricum
721 2413 835 2478 acidus
859 2412 978 2492 factus,
991 2414 1181 2494 calefactus,
1194 2414 1309 2480 addito
1322 2416 1444 2481 nitrate

251 2509 254 2518 ’
308 2518 459 2604 berytico
490 2521 544 2585 vel
566 2521 690 2586 nitrate
713 2522 894 2606 argentias,
920 2521 1029 2586 clarus
1052 2523 1096 2588 sit
1119 2545 1178 2608 per
1202 2525 1303 2587 horae
1314 2527 1444 2608 partem

308 2645 377 2688 non
400 2626 510 2690 minus
531 2648 632 2713 quam
655 2627 904 2712 sexagesimam.

353 2731 491 2797 Tartras
502 2733 775 2798 trahea-natrices
787 2733 977 2812 calefactus,
990 2735 1105 2800 addite
1116 2735 1281 2801 solutione
1291 2735 1445 2820 hydratis

309 2838 439 2916 natrici,
463 2861 524 2924 gaz
546 2841 732 2906 ammoniae
755 2863 796 2906 ns
820 2841 962 2907 emittat.

775 3153 977 3162 -—--—

526 3429 746 3523 Tertres
782 3429 1236 3525 taliae-stitieus.

690 3607 867 3676 Tartarus
890 3609 1076 3678 emetieus.

546 3763 1209 3856 0,H2(0H)2000K.coosb0.1s,H,0.

355 3919 524 4006 Crystalla
546 3924 667 3990 coloris
690 3927 850 4010 expertis,
862 3948 938 3992 aare
951 3927 1048 3994 facile
1060 3928 1260 4005 fatiscentia,
1274 3949 1340 4012 quo
1351 3927 1444 3994 facto

312 4027 480 4112 perlucida
503 4051 575 4096 esse
596 4030 763 4110 desinunt,
788 4033 956 4112 rhombea,
981 4035 1035 4100 vel
1057 4036 1167 4120 pulvis
1190 4035 1313 4122 gravis,
1337 4035 1443 4100 albus.

311 4135 449 4202 Tartras
476 4137 739 4205 kalico-stibicus
764 4140 798 4204 in
822 4161 928 4226 equae
957 4141 1109 4226 partibus
1135 4142 1207 4221 17,1
1233 4141 1384 4218 solvitur,
1409 4142 1444 4204 in

311 4242 431 4328 spiritu
455 4267 522 4309 non
546 4245 697 4311 solvitur.
