3530 5026
857 502 921 564 108

321 699 431 763 obsita
449 697 634 764 lichenibus
653 701 688 761 et
700 697 833 781 punctis
844 697 967 781 parvis,
978 697 1093 782 nigris,
1106 697 1274 762 tbalamiis
1284 699 1450 764 lichenum

320 805 374 870 vel
407 804 605 892 fungorum3
640 808 748 869 strato
782 803 921 868 subereo
951 804 1132 887 prudenter
1154 805 1283 883 abraso,
1307 810 1450 871 stratum

321 911 552 977 flavidoviride
569 916 717 996 apparet.
742 911 940 996 Superficies
961 911 1103 976 interior
1119 913 1229 977 minus
1247 935 1365 998 aspera
1388 919 1448 979 est.

365 1019 583 1103 Microscopia
605 1018 762 1102 pulveris.
794 1017 952 1082 Stellulae
975 1040 993 1082 e
1016 1019 1184 1102 crystallis
1202 1020 1366 1084 diametro
1380 1020 1450 1085 lere

322 1129 364 1191 10
387 1149 422 1202 μ,
442 1127 553 1191 soluta
571 1127 626 1190 vel
642 1125 678 1188 in
701 1125 827 1190 cellulis
847 1124 1148 1209 parenchymaticis
1166 1125 1332 1205 brevibus,
1344 1128 1450 1212 lepto-

322 1233 429 1310 tiehis,
464 1233 584 1297 coloris
618 1232 820 1317 expertibus,
845 1231 996 1296 stellulae
1019 1232 1168 1317 singulae
1191 1235 1449 1312 continentibus,

321 1339 440 1424 positis
480 1341 516 1404 in
557 1339 730 1404 ordinibus
764 1338 910 1419 directis,
944 1339 1001 1423 qui
1035 1338 1245 1404 alternantur
1278 1341 1450 1407 ordinibus

320 1446 515 1512 cellularum
538 1447 745 1512 stellularum
768 1467 786 1508 e
805 1445 974 1529 crystallis
993 1445 1190 1531 expertium.
1214 1447 1327 1532 amyli
1345 1469 1452 1533 grana

320 1554 431 1619 soluta
464 1555 517 1618 vel
550 1553 697 1638 amylum
731 1552 826 1617 adest
847 1553 883 1615 in
906 1551 1032 1617 cellulis
1055 1554 1355 1639 perenchymaticis
1376 1577 1450 1640 cry-

320 1661 495 1726 stallorum
518 1659 727 1745 expertibus3
746 1681 851 1745 grana
862 1659 1054 1744 plerumque
1065 1660 1237 1745 simplicia,
1250 1661 1451 1747 subglobosa

322 1768 374 1832 vel
397 1768 550 1853 oblonga,
575 1767 739 1831 diametro
762 1766 805 1830 ad
827 1771 868 1829 10
888 1786 927 1844 μ;
952 1766 1089 1830 nucleus
1112 1769 1269 1833 centralis
1293 1773 1327 1833 et
1343 1773 1450 1833 strata

322 1896 438 1959 parum
461 1875 652 1959 conspicua;
676 1873 844 1938 interdum
867 1895 972 1959 grana
994 1875 1189 1959 composita,
1213 1874 1389 1959 di'adelpha
1407 1875 1449 1940 ad

321 1981 541 2066 tetradelpha.
577 1979 726 2046 Oellulae
748 1981 1092 2064 sclerenchymaticae‚
1117 1981 1159 2045 ad
1183 1984 1248 2046 400
1271 2007 1296 2057 μ
1319 1983 1448 2066 longae,

320 2088 408 2153 latae
428 2088 470 2152 ad
484 2091 548 2152 200
560 2113 594 2166 μ,
608 2088 736 2153 formae
747 2087 992 2153 diversissimae
1005 2093 1041 2154 et
1051 2110 1149 2173 saepe
1161 2089 1314 2166 enormis,
1327 2089 1450 2153 multae

321 2195 565 2281 quodammodo
588 2194 790 2273 fusiformes,
813 2195 1082 2261 extremitatibus
1102 2196 1225 2274 acutis3
1238 2195 1450 2260 membranae

321 2303 500 2368 admodum
521 2302 732 2382 tumefactae,
757 2303 873 2368 atratis
896 2309 930 2368 et
952 2302 1144 2368 scrobiculis
1163 2303 1338 2368 altioribus
1358 2325 1451 2388 prae-

321 2410 429 2487 ditae;
453 2410 564 2474 lumen
588 2432 686 2495 saepe
708 2411 875 2495 exiguum.
912 2409 1048 2475 Praeter
1071 2411 1131 2474 has
1153 2411 1288 2476 cellulas
1311 2411 1451 2476 scleren·

321 2517 526 2601 chymaticas
560 2539 707 2602 magnas,
743 2518 940 2602 praesertim
968 2539 1042 2582 cum
1065 2523 1181 2583 cortex
1203 2517 1323 2583 radicis
1346 2517 1450 2594 adest,

323 2645 452 2709 quoque
494 2625 594 2709 paulo
635 2625 789 2702 minores,
828 2625 936 2710 magis
970 2623 1095 2689 bacillis
1130 2625 1263 2702 similes,
1298 2624 1452 2688 extremi-

322 2728 448 2794 tatibus
470 2729 688 2797 obtruncatis.
713 2728 859 2794 Oellulae
882 2728 1060 2794 suberosae
1075 2730 1449 2814 coloriafereexpertes‚

321 2835 464 2920 desuper
504 2836 595 2900 visae
636 2836 906 2923 quinquangulae
939 2836 981 2901 ad
1016 2837 1224 2922 sexangulas,
1259 2837 1452 2902 membrana

267 3012 273 3022 ¹
322 2942 558 3020 scrobiculata3
590 2944 734 3008 alatere
758 2944 851 3008 visae
873 2927 1065 3008 membrana
1088 2945 1251 3009 exteriore
1273 2945 1452 3010 admodum

323 3048 520 3134 tumefacta3
544 3050 681 3116 cellulae
703 3051 880 3116 suberosae
902 3057 937 3116 et
959 3057 1067 3116 strata
1089 3051 1272 3117 tumefacta
1292 3052 1453 3116 interiora

323 3157 433 3222 soluta
455 3157 554 3221 simul
576 3179 706 3241 semper
728 3157 860 3224 adsunt.
908 3157 1077 3244 Crystalla
1100 3159 1261 3244 simplicia
1283 3181 1369 3223 rara.

368 3263 477 3348 Sapor
497 3264 719 3348 adstringens,
743 3265 948 3331 subamarus.

368 3369 512 3437 Corticis
546 3372 684 3438 Granati
718 3373 865 3457 pulveris
895 3378 1116 3459 grammatum
1148 3376 1222 3450 250,
1254 3395 1313 3458 per
1346 3394 1452 3458 aquae

323 3478 518 3544 centimetra
551 3478 666 3546 cubica
701 3482 742 3544 25
771 3486 805 3545 et
838 3479 924 3546 acidi
947 3479 1194 3565 hydrochlorici
1216 3479 1315 3546 diluti
1337 3487 1452 3565 guttas

325 3587 344 3647 2
367 3606 428 3668 per
448 3585 564 3649 horam
587 3593 839 3664 maceratorum,
862 3587 989 3653 filtrata
1017 3587 1138 3653 coloris
1162 3587 1230 3652 sint
1252 3587 1339 3652 clare
1361 3586 1451 3664 flavi,

323 3691 438 3756 addito
460 3692 609 3757 chloreto
630 3693 752 3758 ferrico
774 3695 918 3759 colorem
940 3717 958 3759 e
980 3694 1132 3760 caeruleo
1154 3695 1287 3780 nigrum
1306 3695 1451 3771 trahant,

323 3797 439 3863 addita
464 3821 570 3885 aquae
592 3800 692 3865 calcis
713 3801 903 3886 quantitate
923 3801 1124 3888 quintuplici
1145 3801 1250 3866 mixta
1272 3801 1453 3886 praebeant

324 3927 365 3969 ex
399 3907 593 3972 aurantiaco
627 3907 736 3984 rubra,
761 3929 778 3972 e
801 3908 922 3994 quibus
944 3931 1023 3974 mox
1045 3909 1139 3974 flocci
1163 3907 1309 3973 eiusdem
1332 3909 1453 3973 coloris

323 4013 545 4097 deponuntur,
569 4035 634 4099 quo
656 4014 749 4080 facto
771 4014 881 4100 liquor
899 4037 1000 4100 supra
1018 4016 1148 4100 positus
1159 4015 1303 4082 colorem
1316 4014 1452 4080 amittit.

368 4119 493 4186 Cortex
521 4121 661 4185 Granati
684 4121 940 4187 alcaloideorum
963 4123 1134 4188 contineat
1152 4146 1219 4188 non
1232 4121 1452 4209 minusquam

324 4227 429 4311 partis
439 4228 638 4293 centesimae
650 4234 778 4313 partem
789 4235 941 4314 quartam
949 4233 1065 4314 (025).
1078 4230 1342 4295 Alcaloideorum
1350 4251 1452 4316 quan-
