3530 5026
823 477 864 542 87

280 673 555 760 hydrargyricum
567 673 603 736 in
615 693 719 759 oquae
732 672 883 757 partibus
895 673 978 750 17‚5‚
988 673 1023 735 in
1036 673 1174 757 spiritus
1182 673 1335 758 partibus
1345 675 1408 752 3,1,

279 780 312 844 in
335 781 481 845 aetheris
504 779 657 866 partibus
680 781 734 857 8‚2
758 779 910 844 solvitur.

322 885 473 952 Chloreti
507 887 741 973 hydrargyriei
774 908 924 971 gramm
961 891 977 950 1
1013 887 1048 951 in
1075 907 1181 972 aquae
1203 887 1411 952 centimetria

280 993 401 1059 cubicis
445 996 487 1059 20
532 995 678 1060 solutum
712 994 838 1059 clarum
872 993 934 1072 sit3
969 993 1119 1058 chartam
1153 995 1411 1078 exploratoriam

279 1100 462 1165 caeruleam
483 1100 595 1166 reddit
617 1100 770 1179 rubram3
795 1100 911 1166 addito
934 1100 1074 1165 chloreti
1090 1100 1211 1166 notrici
1226 1105 1411 1186 grammate

283 1211 311 1283 1,
334 1209 511 1274 reectionis
534 1209 572 1273 fit
595 1209 757 1274 neutrius.

325 1313 520 1380 Ohloreturn
554 1316 833 1402 hydrargyricum
867 1316 903 1380 in
937 1338 1024 1401 aqua
1058 1317 1091 1398 (1
1111 1340 1144 1374 =
1164 1317 1221 1399 20)
1253 1315 1410 1392 solutum,

281 1421 392 1487 addita
414 1445 500 1509 aqua
519 1423 627 1502 calcis,
647 1423 903 1509 praecipitatum
919 1421 1154 1488 fuscorubrum
1165 1421 1313 1506 deponit,
1323 1419 1412 1506 quod

283 1548 342 1612 per
378 1530 546 1614 reagentis
588 1531 811 1616 quantitatem
854 1530 1068 1596 excedentem
1101 1528 1261 1606 flavescit,
1296 1527 1413 1592 addito

281 1633 401 1700 nitrate
423 1637 604 1722 argentim,
630 1637 886 1723 praecipitatum
908 1636 1021 1702 album
1044 1634 1192 1721 deponit.

387 1779 500 1839 Doses
521 1781 700 1841 maximae
722 1780 882 1856 singulae
903 1779 1236 1854 milligrarnrnatutn
1259 1779 1307 1839 lo.

387 1877 500 1938 Doses
520 1879 700 1939 maximae
722 1879 759 1937 ln
782 1879 887 1938 horas
908 1878 1052 1937 vicenae
1074 1881 1264 1951 quaternas

427 1976 760 2053 milligramrnatum
781 1975 831 2038 50.

447 2401 742 2498 ttlorelum
788 2403 1246 2522 hydrargyrosum.

672 2581 872 2648 llorcurius
895 2578 1025 2647 dulcis.

761 2722 930 2792 Galomel.

285 2863 408 2950 Hg2Cl,
429 2864 665 2931 sublimatione
684 2871 846 2952 paratum,
868 2865 1061 2942 contritum,
1081 2863 1201 2929 deinde
1218 2863 1412 2948 levigatum.

327 3024 440 3090 Pulvis
475 3025 703 3104 tenuissimus,
740 3025 1000 3103 subflavoalhm,
1036 3025 1167 3110 saporis
1190 3023 1261 3088 iere
1284 3044 1412 3108 expers,

284 3153 378 3216 quem
390 3153 450 3217 per
461 3133 716 3218 microscopinm
728 3134 895 3218 spectanti
905 3154 1060 3218 magnam
1072 3137 1201 3218 partem
1214 3130 1414 3217 fragmentis

282 3240 515 3324 crystallorum
545 3246 699 3306 constare
727 3245 877 3326 apparet.
906 3240 1102 3307 Chloretum
1127 3238 1414 3324 hydrargyrosum

284 3344 480 3411 calefactum
509 3346 671 3424 flavescit,
699 3346 820 3412 deinde
849 3368 911 3413 nec
941 3347 1127 3433 liquescens
1154 3345 1414 3431 necquicquam

282 3453 472 3538 relinquens
506 3454 715 3520 sublimetur.
751 3453 947 3519 Chloretum
978 3453 1264 3538 hydrargyrosum
1296 3452 1415 3516 necin

283 3579 366 3645 aqua
388 3581 449 3624 nec
470 3560 507 3624 in
530 3560 660 3646 Spiritu
681 3561 834 3626 solvitur.

326 3663 523 3731 Chloretum
542 3667 839 3753 hydrargyrosum‚
864 3667 928 3731 sub
950 3666 1140 3732 carbonatis
1163 3664 1285 3730 natrici
1307 3665 1414 3750 anhy-

285 3769 365 3837 drici
388 3773 460 3857 peri
483 3773 630 3858 pondere
653 3773 688 3837 in
711 3773 794 3838 tubo
813 3772 1021 3851 calefactum,
1035 3793 1194 3858 vaporem
1210 3769 1414 3856 hydrargyri

284 3878 415 3956 emittit,
447 3880 563 3964 quiin
587 3879 713 3965 perietc
737 3879 863 3964 frigido
886 3880 960 3944 tubi
981 3880 1018 3943 in
1042 3884 1186 3945 stratum
1209 3877 1413 3963 hyde-argyri

284 3987 484 4064 concrescit;
516 4009 601 4073 quae
632 3991 823 4072 supersunt,
854 3986 890 4050 in
920 4007 1007 4072 aqua
1037 3987 1157 4062 soluta,
1189 3985 1324 4061 filtrata,
1357 4003 1416 4066 per

284 4090 412 4157 acidum
435 4093 594 4159 nitrieum
616 4092 711 4159 acida
734 4092 834 4171 facta,
855 4092 971 4159 addito
987 4094 1113 4159 nitrate
1125 4091 1306 4178 argentim,
1321 4110 1414 4174 prae-

285 4195 456 4281 cipitatum
479 4201 593 4266 album
617 4201 800 4285 deponunt,
821 4201 909 4286 quod
927 4200 963 4264 in
973 4199 1142 4266 ammonia
1153 4198 1251 4264 facile
1264 4195 1414 4262 solvitur.
