3466 5038
864 489 904 550 28

365 684 527 770 Hydratis
548 684 648 748 kalici
668 684 754 761 sicci,
775 683 876 748 divisi
894 685 929 747 in
948 682 1094 748 frustula
1113 681 1355 766 magnitudinis
1368 679 1440 765 pisi,

318 796 504 875 grammata
525 793 543 854 2
561 793 590 855 si
609 791 643 854 in
663 791 781 874 lagena
799 791 906 855 vitreo
924 790 1099 876 epistomio
1119 788 1270 874 praedita
1289 788 1441 852 Aetheris

318 898 521 963 centimetris
558 898 682 963 cubicis
722 900 762 961 10
799 897 976 982 superfusa
1014 899 1113 961 erunt
1148 899 1182 960 et
1216 895 1335 981 lagena
1361 895 1442 959 bene

318 1005 430 1069 clausa
462 1005 535 1070 loco
564 1005 704 1069 obscura
728 1010 860 1069 servata
883 1005 955 1082 erit,
981 1005 1105 1089 hydras
1128 1003 1258 1067 kalicus
1281 1023 1322 1064 ne
1345 1001 1442 1064 flave-

318 1118 388 1178 scat
420 1113 510 1176 intra
544 1113 644 1177 horae
678 1117 806 1197 partem
836 1111 1007 1176 dimidiam
1030 1111 1241 1196 (otdehydcm
1263 1113 1299 1173 et
1320 1107 1444 1172 chobel

319 1219 505 1302 sinpliciter).

362 1326 515 1390 Aetheris
534 1327 730 1390 centimetra
748 1326 864 1390 cubica
886 1329 935 1403 10,
949 1325 1058 1390 calore
1070 1347 1138 1389 non
1149 1323 1310 1399 adhibite,
1325 1342 1443 1406 evapo-

317 1435 433 1494 rentur
462 1432 546 1495 nihil
568 1431 790 1516 relinquentia
812 1454 896 1496 neve
920 1432 1054 1496 odorem
1077 1431 1220 1495 alionum
1245 1428 1443 1512 spargentia.

362 1559 392 1618 A
423 1556 516 1620 luce
547 1562 738 1620 remotus
769 1562 988 1621 servetur.

586 2167 779 2261 hother
810 2169 868 2262 ad
901 2167 1171 2262 harcosin.

798 2362 977 2450 (nnio,

362 2543 487 2607 Aether
505 2542 548 2607 ad
569 2542 734 2607 Narcosin
753 2542 931 2626 postulatis
951 2541 1088 2607 Aethcri
1105 2539 1237 2624 scriptis
1250 2538 1443 2613 satisfaciat,

320 2655 491 2735 praetereo
515 2651 623 2714 hisce:

364 2755 579 2847 Centimetra
600 2756 715 2822 cubica
740 2760 758 2820 5
783 2757 811 2820 si
835 2777 910 2820 cum
927 2751 1446 2839 commixtisaquaecentimetris

317 2862 441 2927 cubicis
477 2867 496 2926 5
531 2870 564 2928 et
591 2863 738 2928 Nesslcri
762 2863 899 2948 liquoris
922 2863 1028 2946 guttis
1052 2863 1071 2925 3
1095 2865 1317 2945 conquassata
1339 2865 1445 2934 erunt,

318 2976 458 3056 uterque
492 2971 601 3055 liquor
634 2993 692 3056 per
725 2971 827 3035 horae
862 2973 990 3055 partem
1025 2971 1177 3053 quartam
1208 2967 1316 3033 clarus
1347 2967 1391 3030 sit
1413 2971 1447 3029 ct

319 3077 439 3142 coloris
462 3099 590 3162 expers.

364 3183 457 3263 Quae
487 3184 528 3248 de
554 3184 760 3250 centimetris
784 3184 908 3249 cubicis
934 3186 984 3260 20,
1010 3182 1134 3246 additis
1158 3202 1262 3266 aquae
1286 3180 1392 3265 guttis
1416 3182 1445 3255 5,

318 3292 426 3355 calore
446 3313 513 3356 non
533 3291 693 3369 adhibit0,
714 3291 903 3376 evaporatio
923 3293 1130 3374 supererunt,
1151 3289 1294 3352 colorem
1313 3286 1447 3351 chartae

319 3398 561 3484 exploratoriac
583 3399 753 3463 caeruleae
776 3420 819 3462 ne
843 3402 982 3462 mutent.

366 3505 528 3568 Aether
580 3506 629 3570 ad
684 3505 899 3569 Narcosin
944 3507 1148 3566 servetur
1194 3503 1236 3566 in
1277 3499 1447 3585 lagenis

322 3613 478 3695 parvis,
511 3614 772 3677 centimetra
804 3611 958 3676 cubica
992 3632 1073 3675 non
1097 3609 1193 3694 plus
1224 3629 1344 3692 quam
1369 3607 1447 3669 100

322 3719 670 3796 continentibus,
695 3717 1000 3804 propemodum
1022 3715 1264 3800 completis,
1289 3715 1446 3797 episto-

323 3826 403 3890 mio
427 3827 571 3891 vitreo
595 3826 698 3890 bene
721 3825 953 3901 obturatis,
978 3823 1127 3898 fuscis,
1153 3822 1247 3885 loco
1271 3817 1445 3904 frigido,

324 3954 343 3995 a
376 3933 467 3997 luce
497 3939 697 3996 remotus.
