3466 5038
882 463 924 525 34

335 653 578 741 quodammodo
600 656 733 734 ramosi,
757 676 991 741 nonnusquam
1012 661 1273 735 anastomantss‚
1290 657 1326 722 in
1338 659 1466 744 apicem

335 762 467 848 obliqua
501 767 634 827 exeunt.
669 763 817 848 'sagmen
850 762 1146 842 membranaceum,
1183 763 1305 842 album,
1334 787 1465 851 quoque

334 870 371 933 in
405 869 549 934 chalane.
584 869 750 934 Albumen
772 868 911 934 nullum.
947 869 1095 934 Nucleus
1119 870 1234 935 eadem
1257 869 1375 949 forma,
1400 894 1465 957 qua

335 997 457 1054 semen,
481 975 630 1040 radicula
651 975 754 1053 brevi,
777 977 814 1039 in
836 975 902 1040 fine
924 982 1024 1041 acuto
1052 976 1180 1060 posita;
1207 979 1226 1039 2
1250 977 1465 1062 cotyledones

334 1103 416 1166 pure
450 1081 554 1159 albae,
589 1103 658 1146 non
691 1081 842 1160 flavidae,
878 1103 1065 1167 compresse
1092 1083 1257 1167 globosae,
1283 1083 1463 1164 obovatae3

335 1187 484 1273 plumula
506 1186 626 1265 brevis,
650 1188 775 1253 foliolis
799 1188 987 1253 recentibus
1012 1193 1042 1252 8.

380 1294 472 1359 Odor
494 1294 620 1378 dulcis3
647 1316 747 1379 sapor
769 1294 885 1372 dulcis,
910 1296 1071 1359 oleaceus.

379 1400 588 1486 Amygdalae
621 1423 752 1466 amaras
784 1402 874 1465 inter
896 1401 1008 1466 dulces
1031 1423 1073 1465 ne
1097 1402 1220 1468 adsint.
1256 1403 1464 1488 Amygdalae

334 1506 462 1574 fractae
483 1507 670 1572 reiciendas
692 1511 782 1572 sunt.

548 1815 598 1914 ÷
631 1817 855 1938 lmylum
891 1820 1172 1914 Mareotae.

380 1995 537 2081 Amylum
571 1995 792 2060 rhizomatum
827 2017 910 2081 quae
945 1996 1106 2081 praebent
1140 1996 1303 2082 quaedam
1337 1997 1464 2081 species

335 2103 466 2188 generis
479 2103 710 2177 Marantae,
730 2101 893 2187 imprimis
905 2103 950 2168 M.
967 2102 1274 2180 arundinacea,
1289 2102 1389 2167 LINN.
1404 2103 1461 2188 Sp.

337 2209 385 2274 Pl.
411 2211 440 2286 2,
464 2209 573 2272 cultae
594 2209 630 2272 in
653 2207 751 2272 India
774 2208 981 2274 Occidentali
1002 2215 1037 2275 st
1058 2210 1094 2274 in
1118 2209 1216 2274 India
1239 2208 1413 2274 Orientali.

382 2352 496 2415 Pulvis
530 2351 658 2416 modice
685 2351 806 2428 tenuis,
830 2352 934 2430 albus,
959 2352 1058 2417 facile
1080 2353 1270 2429 cohaerens,
1295 2351 1406 2417 odoris
1430 2358 1464 2417 et

338 2458 467 2543 saporis
491 2479 618 2543 expers.

380 2565 538 2650 Amylum
573 2567 755 2644 Marantae,
790 2587 866 2630 oum
888 2587 993 2651 aquae
1016 2566 1168 2651 partibus
1193 2568 1235 2630 50
1259 2569 1462 2642 concoctum,

336 2672 569 2756 mucilaginem
599 2673 701 2757 amyli
728 2672 930 2758 perlucidam
954 2674 1091 2758 praebet
1114 2672 1226 2737 odoris
1250 2671 1385 2758 proprii,
1410 2692 1464 2736 co-

334 2779 438 2843 lorem
462 2779 597 2844 chartae
620 2780 864 2865 exploratoriae
885 2801 955 2844 non
977 2784 1173 2845 mutantem.

381 2886 609 2971 Microscopia.
645 2887 757 2952 Grana
790 2886 961 2972 simplicia,
993 2886 1187 2971 plerumque
1220 2905 1352 2969 magna,
1383 2905 1464 2968 quo-

335 3013 410 3057 rum
443 2993 618 3077 longitudo
652 2995 803 3058 variatur
836 2992 1017 3057 secundum
1051 3013 1187 3056 curvam
1217 2990 1465 3076 probabilitatis

336 3119 485 3162 errorum
511 3104 749 3184 asymmetram
773 3151 782 3184 ‚
805 3104 879 3164 ir‘:
897 3101 972 3177 25,5
996 3121 1031 3172 μ.
1078 3098 1200 3182 Forma
1222 3096 1337 3175 ovalis,
1366 3117 1464 3181 saepe

336 3205 515 3269 enormiter
550 3205 704 3291 oblonga,
740 3205 910 3291 paululum
940 3226 1139 3290 compressa.
1185 3203 1334 3268 Nuoleus
1369 3207 1465 3268 extra

334 3317 485 3377 centrum
516 3312 646 3396 positus
670 3311 843 3397 (ΙΙΙ-Ἄ),
867 3311 1061 3396 plerumque
1083 3311 1119 3374 in
1142 3309 1354 3374 extremitate
1376 3328 1464 3373 cras·

335 3419 431 3496 siore,
466 3417 665 3502 conspicuus
693 3418 778 3481 rima
802 3438 877 3481 aere
900 3417 1046 3501 impleta,
1072 3437 1156 3502 quae
1179 3416 1373 3500 plerumque
1395 3414 1464 3479 ior·

336 3547 423 3589 mam
436 3523 611 3589 *habet
636 3523 752 3588 Strata
774 3544 842 3589 non
865 3523 964 3587 clara.
988 3523 1177 3588 Granorum
1199 3543 1277 3607 pars
1300 3541 1344 3584 ne
1358 3520 1465 3584 maior

337 3650 436 3715 quam
478 3633 597 3714 quarta
629 3629 714 3693 rima
748 3634 877 3708 careat3
912 3649 1018 3714 grana
1053 3628 1169 3693 stratis
1203 3627 1387 3713 perspicius
1421 3648 1464 3691 ne

337 3736 450 3802 adsint
472 3737 633 3822 (amplum
654 3735 785 3818 eobani).

381 3843 540 3928 Amylum
563 3843 745 3920 Marantae,
770 3841 889 3907 caloris
901 3841 1008 3928 gradu
1021 3841 1101 3905 100ο
1116 3841 1285 3917 siccatum,
1306 3838 1462 3925 ponderis

337 3955 448 4035 partes
472 3949 670 4015 contesimas
692 3970 734 4012 ne
757 3948 832 4033 plus
844 3969 942 4032 quam
958 3950 998 4011 12
1011 3947 1146 4012 amittat
1156 3969 1241 4012 nave
1253 3947 1463 4011 combustum

336 4056 457 4122 cineris
480 4057 554 4141 plus
577 4077 676 4140 quam
699 4059 827 4140 partam
851 4053 1064 4119 centesimam
1089 4058 1105 4117 1
1130 4052 1307 4138 relinquat.
