3530 5026
857 480 900 542 88

356 669 552 738 Chloretum
597 673 893 760 hydrargyrosum,
929 671 1095 737 solutione
1133 669 1287 756 hydratis
1321 671 1442 736 natrici

309 777 492 864 perfusum,
517 780 676 866 nigrescit
698 802 759 846 nec
781 785 893 845 tamen
916 801 979 864 gaz
1002 778 1187 843 ammoniae
1209 777 1345 842 emittit.

353 885 500 972 Spiritus
523 887 622 952 diluti
645 888 698 953 vel
720 887 806 952 acidi
829 887 947 952 acetici
969 886 1166 952 centimetra
1183 885 1440 951 cubiculorum

309 991 460 1059 Ohloreti
487 995 729 1080 hydrargyrosi
752 999 936 1079 grammate
961 997 979 1057 1
1004 995 1235 1078 conquassata,
1260 991 1381 1056 deinde
1391 991 1440 1054 fil-

307 1103 407 1180 trata,
432 1123 475 1166 ns
496 1101 612 1166 addito
635 1101 759 1166 nitrats
781 1101 953 1186 argentino
966 1098 1441 1184 nevsscidohydrosuliurico

308 1207 452 1292 speciem
474 1212 606 1272 mutent
627 1229 711 1273 neve
733 1212 915 1294 evaporata
936 1207 1111 1294 quicquam
1133 1206 1334 1290 relinquant.

351 1315 382 1379 A
412 1315 506 1381 luce
535 1320 746 1380 remotum
777 1319 994 1381 servetur.

342 1817 392 1915 -Ι-
425 1817 718 1914 tttcrctum
753 1820 1196 1939 hydrarpymsum
1230 1846 1321 1941 cpc

518 1997 731 2118 saporis
764 1995 938 2117 tquac
976 2007 1224 2117 paratum.

406 2172 534 2260 Hgssl,
558 2174 594 2239 in
615 2195 697 2240 aura
719 2174 854 2259 vaporis
875 2195 981 2262 aquae
1005 2195 1023 2239 e
1046 2197 1109 2261 gaz
1132 2181 1333 2242 concretum.

349 2313 464 2380 Pulvis
486 2316 710 2395 tenuissimus,
734 2315 839 2395 albus,
864 2317 994 2402 saporis
1017 2315 1087 2382 fere
1110 2339 1237 2403 expers,
1261 2339 1360 2404 quem
1378 2339 1437 2403 per

303 2423 556 2508 microscepium
590 2424 756 2510 spectanti
789 2446 945 2510 magnam
968 2429 1096 2510 partem
1120 2424 1274 2489 massulis
1297 2423 1436 2509 crystal-

301 2529 409 2594 lorum
443 2529 655 2595 minimorum
689 2529 760 2595 fere
793 2530 958 2610 rotundis,
993 2534 1163 2596 structura
1192 2528 1435 2615 quodammodo

302 2635 433 2702 radiata
465 2641 621 2702 constare
642 2641 792 2722 apparet.
827 2635 985 2702 Ceterum
1007 2635 1196 2702 satisfaciat
1219 2636 1325 2700 isdem
1344 2636 1435 2721 puri-

302 2743 383 2808 tatis
404 2743 544 2829 legibus‚
568 2743 689 2830 quibus
713 2743 909 2810 Chloretum
932 2743 1231 2830 hydrargyrosum.

346 2850 494 2916 Aluce
517 2855 728 2916 remotum
749 2856 964 2917 servetur.

559 3337 857 3434 tttcrctum
902 3341 1173 3435 natricum.

812 3516 918 3584 ascl.

344 3675 431 3743 Oubi
451 3679 555 3763 parvi,
576 3677 654 3743 albi.
667 3676 860 3744 Chloretum
871 3679 1036 3744 natricum
1048 3680 1084 3745 in
1097 3699 1201 3764 aquae
1213 3677 1364 3764 partibus
1378 3679 1432 3757 2,8

299 3783 450 3863 solvitur,
474 3785 511 3849 in
534 3785 656 3870 spiritu
679 3783 749 3850 fere
772 3807 840 3850 non
864 3786 965 3851 solvit
1008 3835 1015 3850 .

344 3889 540 3957 Chloretum
562 3893 728 3959 natricum
752 3893 918 3958 flammam
936 3914 1005 3958 non
1017 3894 1182 3958 lucentem
1194 3894 1309 3959 statim
1322 3893 1432 3958 colors

297 3995 396 4062 valde
417 3996 506 4064 flavo
527 3999 643 4064 inficit.
667 3999 708 4064 In
731 4003 862 4087 aqua(l
882 4027 915 4061 =
933 4003 990 4085 20)
1002 4001 1157 4079 solutum,
1176 3999 1293 4065 addito
1309 4001 1432 4066 nitrste

296 4104 478 4188 argentiue,
509 4107 763 4193 praecipitatum
787 4108 900 4174 album
922 4107 1070 4194 deponit,
1094 4108 1185 4194 quod
1207 4108 1242 4172 in
1265 4107 1432 4172 ammonia

298 4208 397 4276 facile
420 4211 574 4281 solvitur.
