3544 5050
863 529 928 592 456

521 720 571 819 ÷
604 724 856 818 Tinctum
889 724 1190 818 Balanitae.

373 902 564 967 Parandae

424 1015 554 1067 namet·
584 1015 765 1068 Rntnnhieo
799 1009 839 1067 in
869 1010 1070 1087 pulverem
1101 1007 1171 1088 (As)
1199 1005 1384 1066 redactae

465 1105 650 1185 partibus
672 1107 822 1184 viginti
846 1151 1373 1166 ..............
1422 1105 1462 1162 20

325 1209 359 1270 et

425 1317 569 1380 spiritua
589 1317 689 1369 duuu
709 1311 895 1389 partibus
917 1319 1071 1371 centum
1092 1354 1378 1370 ........
1409 1309 1466 1367 100

369 1409 495 1494 Liquor
517 1409 657 1474 obscure
681 1409 887 1488 fuscoruber,
912 1411 1041 1496 saporis
1065 1409 1317 1494 adstringentis.

367 1517 528 1581 Tinctum
541 1515 735 1595 Ratanhiae‚
748 1516 864 1582 addito
877 1513 1007 1602 spiritu,
1016 1517 1178 1602 liquorem
1191 1515 1327 1600 praebet
1339 1513 1460 1579 coloris

323 1623 416 1688 rubri
450 1622 558 1709 qualis
593 1629 645 1688 est
678 1622 849 1688 fructuum
883 1623 959 1688 rubi
992 1623 1095 1700 Idaei,
1121 1622 1236 1686 addita
1259 1644 1354 1708 aqua,
1385 1621 1460 1686 luce

324 1729 495 1808 incidenti,
519 1730 670 1795 latericii.

369 1837 496 1901 Mixtao
530 1837 710 1902 Tincturae
743 1837 929 1903 Ratanhiae
953 1841 1051 1922 gutta
1076 1840 1092 1900 1
1119 1841 1153 1900 et
1177 1837 1316 1922 spiritus
1339 1839 1457 1921 guttae

325 1946 376 2021 10,
401 1943 517 2008 addita
539 1944 679 2009 chloreti
701 1943 813 2009 ferrici
836 1948 935 2028 gutta
960 1946 988 2020 1,
1013 1943 1157 2008 colorem
1181 1944 1321 2007 trahunt
1344 1941 1461 2006 viridi-

326 2047 468 2114 fuscum.

369 2156 504 2220 Pondus
539 2157 727 2241 specificum
761 2159 860 2234 0,906
891 2157 935 2220 ad
958 2159 1067 2235 0,914.
1092 2157 1253 2221 Tinctum
1276 2160 1459 2240 evaporata

324 2284 391 2326 non
415 2263 525 2327 minus
549 2285 648 2348 quam
671 2268 784 2347 partes
808 2264 1006 2328 centesimas
1030 2265 1084 2342 4‚5
1107 2262 1284 2348 relinquat.

485 2748 534 2847 ÷
568 2752 819 2846 Tinctum
852 2753 972 2847 nusi
1006 2778 1214 2872 aquosa.

371 2930 502 2994 Macera
525 2950 585 3015 per
609 2930 709 2995 horas
736 2933 778 2993 24

419 3042 550 3095 Radicts
570 3042 653 3094 ahor
673 3037 712 3094 in
733 3035 862 3094 discos
885 3045 1024 3096 tenues
1046 3038 1227 3096 concisae
1242 3043 1377 3114 partes

462 3133 587 3192 decem
601 3179 1372 3195 ....................
1422 3134 1460 3192 10

326 3253 385 3316 per
407 3231 532 3297 solutas

421 3344 610 3396 whomtts
630 3346 749 3397 nstricl
769 3347 903 3416 partes
924 3339 1020 3398 duas
1041 3383 1369 3399 .........
1438 3340 1455 3396 2

327 3457 362 3499 1n

422 3551 532 3613 Aquae
552 3549 752 3601 cinnamomi
773 3545 956 3622 partibus
978 3545 1152 3620 triginta
1169 3587 1372 3603 ......
1420 3541 1459 3600 30

369 3641 515 3705 Massam
537 3642 572 3705 in
595 3644 834 3727 percolatorem
845 3643 1019 3706 inmissam
1030 3663 1091 3727 per
1102 3642 1232 3727 Aquam
1246 3639 1455 3707 cinnamomi

325 3748 456 3830 percolo
478 3748 557 3812 dum
581 3754 717 3834 paratae
742 3749 810 3814 sint

423 3861 556 3931 partes
577 3862 731 3914 centum
758 3898 1368 3916 ................
1401 3853 1458 3911 100

368 3950 493 4037 Liquor
515 3953 743 4031 rubroiuscus‚
768 3955 825 4039 qui
849 3954 973 4018 additis
997 3954 1100 4018 acidis
1125 3953 1290 4018 turbatur.
