3532 5034
407 925 663 1034 Primum
713 917 987 1032 auxilinm
1034 918 1084 1026 in
1127 914 1430 1028 veneficio

749 1094 1090 1236 rependno.

355 1387 384 1449 Α.
435 1386 469 1449 a·
490 1406 633 1449 venenum
656 1386 816 1451 obductum
840 1387 910 1461 erit,
937 1389 1143 1467 temptandum
1167 1391 1235 1449 ecl:

468 1493 503 1556 1⁰
532 1492 1470 1578 utvenenumquamcitissimeestomachoremoveatur

468 1599 503 1663 2⁰
532 1605 571 1663 ut
594 1621 759 1665 venenum
781 1601 830 1665 ita
852 1601 1075 1684 coniungatur
1096 1604 1135 1664 ut
1158 1598 1331 1662 innoxium
1353 1595 1413 1660 fiat
1426 1600 1487 1661 aut

533 1707 604 1772 eiua
627 1708 679 1772 vis
701 1707 936 1795 prohibeatur;

468 1815 504 1878 3⁰
534 1819 573 1878 ut
595 1816 691 1879 alvus
715 1815 936 1880 exinaniatur.

357 1921 410 1985 Ad
435 1925 501 1984 ΡΜ.
530 1919 729 1986 Stomachus
754 1922 918 1987 exinaniri
941 1926 1073 2008 potest:

468 2049 499 2092 a.
535 2049 595 2113 per
617 2029 788 2114 specillum
811 2030 997 2111 stomachi3

469 2135 497 2198 b.
536 2135 717 2200 vomitione
740 2135 949 2205 concitanda.

581 2241 761 2327 Specillum
791 2244 998 2308 celerrimum
1028 2247 1128 2328 atque
1150 2241 1293 2308 maxime
1313 2241 1488 2306 innoxium

418 2435 419 2440 ἵ
537 2354 589 2413 est
623 2349 784 2414 auxilium
818 2349 861 2414 ad
895 2349 1153 2415 exinaniendum
1185 2350 1402 2415 stomachum.
1450 2347 1487 2411 Si

537 2476 622 2539 opus
645 2455 718 2535 erit,
743 2455 844 2520 tubus
867 2479 885 2520 e
908 2457 1034 2543 gummi
1057 2456 1202 2534 elastico,
1215 2455 1379 2521 diametro
1390 2454 1487 2519 milli-

538 2567 681 2627 metrum
704 2567 725 2627 8
748 2563 791 2629 ad
817 2566 858 2628 10
881 2565 1005 2649 poterit
1028 2563 1188 2628 adhiberi.

583 2669 729 2735 Vomitio
751 2673 808 2753 (ne
831 2675 943 2735 tamen
966 2670 1166 2735 adhibeatur
1185 2670 1221 2734 in
1244 2670 1411 2735 veneficiis
1429 2689 1490 2754 per

538 2775 633 2841 acida
663 2776 806 2842 fortiora
835 2799 919 2842 neve
954 2799 1014 2862 per
1046 2777 1143 2842 alcali
1178 2777 1289 2861 factis)
1330 2776 1490 2843 concitari

539 2887 668 2968 potent:

541 2994 571 3060 1.
594 2989 747 3056 faucibus
769 2991 876 3076 digito
899 2991 954 3056 vel
974 2992 1076 3076 pinna
1098 2992 1294 3071 titillandia;
1318 2991 1406 3077 quod
1424 2991 1490 3054 nisi

541 3098 686 3183 expedit,

542 3208 571 3270 2.
595 3204 785 3270 adhibendo
806 3227 874 3269 uno
897 3227 914 3270 e
938 3206 1124 3270 vomitoriie
1147 3205 1236 3271 inira
1257 3205 1423 3271 indicatis.

363 3313 416 3376 Ad
440 3316 507 3376 2⁰¹⁰.
535 3313 707 3377 Venenum
734 3317 773 3378 ut
795 3314 968 3378 innoxium
991 3313 1059 3392 fiat,
1083 3315 1240 3400 coniungi
1263 3319 1322 3379 aut
1344 3315 1416 3378 eiua
1440 3313 1491 3377 via

409 3419 577 3504 prohiberi
594 3424 706 3504 potest
717 3419 907 3485 adhibendo
919 3442 987 3485 uno
999 3443 1041 3486 ex
1052 3421 1214 3486 antidotis
1224 3420 1315 3485 intra
1325 3420 1491 3486 indicetis.

364 3527 510 3590 Ad311m.
538 3527 644 3591 Alvus
678 3526 841 3592 exinaniri
869 3532 981 3612 potest
1007 3530 1196 3613 aegrotanti
1219 3529 1329 3594 soluta
1351 3527 1494 3594 Suliatia

408 3634 588 3719 magnesici
611 3634 664 3698 vel
687 3634 806 3699 notrici
828 3639 1014 3719 grammata
1037 3637 1080 3701 30
1103 3635 1146 3700 ad
1165 3638 1208 3700 50
1227 3636 1262 3700 in
1273 3657 1378 3722 aquae
1391 3657 1494 3721 quan-

409 3742 508 3805 titate
531 3741 722 3825 decemplici
746 3741 895 3826 potanda
917 3741 1037 3807 dando.

365 3884 399 3954 B.
447 3885 482 3947 a·
502 3905 645 3948 rarorum
663 3905 724 3966 poe·
748 3887 854 3948 vulnus
877 3905 990 3967 corpus
1012 3885 1178 3949 intraverit
1198 3887 1252 3968 (ut
1269 3905 1383 3949 morsu
1401 3883 1494 3949 canis

411 3989 519 4054 rabidi
552 3991 606 4054 vel
640 3990 828 4074 serpentis),
872 3991 994 4056 vulnus
1028 3991 1257 4077 exsugendum
1291 3995 1352 4069 est,
1387 3989 1495 4075 partia

411 4097 560 4182 corporis
594 4097 788 4161 vulneratae
822 4118 927 4182 venae
958 4097 1226 4184 adstringendae,
1258 4099 1380 4162 vulnus
1403 4097 1495 4161 ferro

412 4203 567 4268 candenti
588 4204 761 4272 urendum.
