3544 5050
861 508 926 570 440

370 703 444 783 Quo
463 709 613 789 tempore
631 703 822 767 intermisso
842 701 1067 788 perspiritum
1079 702 1456 788 dilutumpercoledum

325 811 483 877 collectae
507 811 575 876 sint

424 925 559 995 partes
580 924 735 975 eentum
761 961 1371 976 ................
1401 917 1458 976 100

369 1016 469 1080 Modo
492 1015 582 1079 infre
600 1015 757 1092 indicato,
781 1018 943 1100 qnantum
954 1012 1210 1079 alceloideorum
1221 1013 1368 1078 tinctura
1378 1034 1456 1079 con·
1540 1022 1544 1030 ’

322 1123 437 1198 tinent,
452 1127 562 1186 statue
574 1127 616 1200 et,
635 1123 664 1187 si
677 1142 761 1208 opus
772 1121 845 1198 erit,
859 1120 998 1206 spiritus
1010 1120 1108 1186 diluti
1120 1119 1205 1185 adde
1215 1125 1348 1186 tantum
1360 1126 1397 1185 ut
1409 1121 1456 1184 ul·

324 1228 547 1293 caloideornm
558 1228 639 1293 insit
647 1228 752 1314 pertis
760 1227 959 1292 centesimae
967 1249 1044 1314 pers
1056 1227 1454 1313 quadregesima(0,025).

369 1335 493 1422 Liquor
515 1333 728 1412 fuscoflavus,
754 1335 882 1421 saporis
906 1335 1000 1421 prins
1012 1335 1126 1411 amari,
1147 1334 1267 1398 deinde
1279 1334 1374 1413 acris,
1387 1335 1453 1420 qui,

323 1442 456 1526 linguae
476 1449 644 1507 extremae
656 1442 842 1528 impositae,
856 1463 989 1506 sensum
1002 1446 1206 1528 pungentem
1218 1441 1276 1504 diu
1286 1441 1454 1526 relinquit.

368 1549 547 1614 Tincturae
569 1550 704 1614 Aconiti
726 1549 931 1614 centimetris
955 1548 1079 1614 cubicis
1104 1551 1122 1611 2
1146 1570 1214 1612 una
1225 1569 1300 1612 cum
1311 1547 1456 1613 aetheris

323 1656 528 1722 centimetris
562 1656 686 1721 cubicis
722 1659 742 1720 3
777 1661 811 1721 et
845 1655 1029 1720 ammoniae
1063 1654 1261 1720 centimetro
1295 1655 1452 1720 cubicol

322 1764 560 1847 conquassatis,
595 1785 700 1848 aquae
731 1763 937 1829 centimetris
967 1761 1091 1827 cubicis
1115 1761 1292 1840 sudditis,
1317 1761 1455 1847 liquoris

322 1870 467 1933 aetherei
488 1871 607 1935 secreti
627 1870 656 1935 ei
680 1870 876 1935 centimetra
899 1869 1014 1934 cubica
1039 1871 1067 1946 2,
1100 1867 1225 1932 additis
1247 1867 1333 1933 acidi
1356 1867 1454 1954 phos-

322 1975 451 2061 phorici
470 1977 576 2061 guttis
597 1980 626 2055 6,
647 1981 828 2063 evaporata
839 1981 946 2054 erunt,
959 1976 1068 2061 liquor
1079 1974 1190 2040 calore
1201 1980 1300 2040 aucto
1312 1975 1456 2040 colorem

322 2083 435 2172 trabat
458 2082 652 2148 violaceum.

368 2188 502 2254 Pondus
526 2189 713 2276 specificam
737 2193 835 2268 0‚895
858 2189 901 2254 ad
925 2191 1033 2268 0,9l5.
1057 2189 1217 2254 Tinctum
1233 2189 1366 2254 Aconiti
1379 2209 1455 2252 eva-

322 2304 440 2380 porata
463 2319 530 2361 non
553 2297 664 2362 minus
687 2319 786 2382 quam
813 2303 942 2383 partem
964 2297 1179 2363 centesimam
1203 2299 1255 2374 1,4
1277 2295 1453 2380 relinquat.

367 2404 633 2470 Alcaloideorum
666 2409 828 2490 qnantum
862 2404 897 2468 in
932 2404 1092 2469 Tinctum
1125 2403 1258 2468 Aconiti
1293 2403 1383 2480 insit,
1407 2403 1455 2466 ita

321 2511 497 2575 statuitur:
533 2511 735 2576 Grammatis
773 2513 845 2588 100,
870 2509 906 2574 in
930 2509 1048 2574 balneo
1070 2531 1176 2596 aquae
1198 2509 1388 2595 evaporatis
1412 2508 1454 2572 ad

320 2618 516 2681 centimetra
539 2617 654 2682 cubica
677 2615 748 2681 fere
774 2620 825 2692 15,
848 2617 935 2681 acidi
958 2615 1109 2681 sulfurici
1133 2615 1231 2682 diluti
1243 2620 1358 2702 guttas
1369 2615 1455 2680 adde

321 2726 342 2788 3
377 2729 410 2788 et
444 2724 600 2810 patellam
634 2728 728 2787 tanta
750 2744 855 2808 aquae
878 2724 1068 2810 quantitate
1091 2723 1188 2789 ablue
1211 2728 1249 2788 ut
1272 2723 1454 2788 mixtorum

319 2831 475 2895 volumen
499 2831 543 2895 sit
566 2831 799 2895 centimetrum
823 2830 1015 2896 cubicorum
1035 2833 1086 2894 20.
1111 2830 1453 2910 Filtra5filtraton1m

319 2938 516 3001 centimetra
539 2937 654 3002 cubica
680 2940 720 3001 10
744 2958 909 3002 unacum
932 2937 1077 3002 aetheris
1100 2936 1305 3002 centimetris
1328 2935 1453 3001 cubicis

321 3045 363 3107 30
397 3048 431 3107 et
465 3045 651 3108 ammoniae
685 3044 890 3109 centimetris
924 3044 1048 3109 cubicis
1072 3046 1093 3107 4
1117 3066 1177 3129 per
1199 3045 1300 3108 horae
1322 3047 1453 3128 partem

320 3151 561 3235 sexagesimam
582 3154 814 3236 lconquassa3
831 3150 954 3216 additis
966 3152 1115 3236 pulveris
1126 3150 1336 3237 tragacanthi
1344 3171 1454 3235 gram·

320 3257 419 3321 matis
429 3260 458 3334 3,
466 3258 589 3322 iterum
597 3257 733 3323 fortiter
741 3279 926 3344 conquassa
933 3278 940 3336 ;
954 3257 994 3322 de
1007 3258 1146 3343 liquoris
1154 3257 1233 3322 clari
1246 3257 1452 3322 centimetris

319 3363 444 3429 cubicis
469 3367 510 3427 20
533 3365 587 3446 (:
605 3365 770 3429 tincturae
789 3364 986 3451 grammatis
1001 3367 1092 3448 33,3)
1104 3363 1452 3430 aetheradestillendo

319 3490 462 3533 remove.
493 3469 550 3547 Iis,
581 3491 665 3554 quae
696 3476 904 3556 supererunt,
934 3470 970 3533 in
993 3470 1130 3556 spiritus
1153 3470 1260 3554 guttis
1282 3469 1452 3534 nonnullis

320 3576 447 3653 solutis,
467 3575 553 3640 acidi
569 3577 818 3641 centinormalis
830 3578 1027 3642 centimetra
1042 3577 1157 3642 cubica
1168 3576 1253 3640 adde
1267 3578 1308 3640 10
1321 3580 1355 3641 st
1366 3575 1452 3640 acidi

318 3683 541 3766 quantitatem
553 3683 777 3761 excedentem,
791 3684 915 3749 additis
924 3683 1185 3768 haematoxylini
1192 3683 1298 3770 guttis
1308 3686 1337 3765 2,
1346 3689 1451 3748 retro·

317 3789 399 3853 titre
421 3811 481 3875 per
503 3789 597 3854 alcali
620 3791 866 3855 centinormale.
892 3791 989 3856 Acidi
1012 3789 1260 3856 centinormalis
1282 3788 1448 3854 coniunct'

318 3897 513 3961 centimetra
525 3897 813 3980 singulaindicent
822 3898 1077 3962 alcaloideorum
1085 3896 1356 3982 milligrammata
1364 3897 1449 3972 6,45.

316 4019 430 4080 Doses
452 4022 631 4081 maximae
653 4023 814 4099 singulae
837 4023 1170 4098 milllgrammatum
1192 4021 1260 4084 5⁰⁰.

316 4118 428 4180 Doses
440 4121 619 4180 maximae
631 4122 668 4180 in
677 4121 783 4182 horas
791 4122 934 4181 vicenas
942 4125 1131 4194 quaternas
1143 4121 1384 4196 grammatum
1394 4115 1449 4192 lli.
