3466 5038
785 518 827 582 69

242 715 356 789 coctus,
394 732 458 797 per
477 710 608 776 aeidum
633 710 924 796 hydrochlorieum
946 709 1089 776 dilutum
1111 709 1226 776 acidus
1247 709 1366 790 iactus,

239 840 276 884 ne
297 818 446 884 virescat
468 840 552 884 neve
575 819 745 885 caeruleus
766 819 827 885 fiat
848 818 1021 904 (cyanela).

280 925 349 990 Gan
372 926 485 991 oriens
508 947 526 990 e
548 925 634 991 zinci
655 924 766 992 frusto
788 931 946 1012 reagente
960 924 1154 989 insolutum
1166 921 1367 990 Carbonatis

237 1032 336 1098 kalici
359 1053 511 1118 gramma
535 1037 552 1096 1
573 1033 608 1096 in
627 1033 714 1098 acidi
732 1032 884 1099 sulfuriei
902 1031 1001 1096 diluti
1018 1030 1223 1097 centimetris
1242 1031 1366 1097 cubicis

239 1143 278 1203 10
311 1141 463 1205 chartam
497 1139 654 1218 bibulam,
689 1141 838 1206 chloreto
868 1138 1111 1225 hydrargyrico
1134 1138 1364 1216 madefactam,

235 1246 357 1312 flavam
379 1268 422 1311 ne
444 1246 564 1312 reddet
584 1248 675 1313 intra
696 1249 799 1313 horae
821 1249 951 1332 partem
972 1247 1135 1332 quartam.

280 1349 481 1419 Oarbonatis
504 1352 604 1418 kalici
625 1359 811 1440 grammate
835 1356 854 1417 2
873 1359 912 1420 ut
934 1353 1085 1418 neutrius
1098 1351 1364 1431 reactionissint,

236 1457 320 1523 acidi
359 1459 521 1525 normalis
561 1459 757 1525 centimetre
788 1458 904 1526 cubica
936 1481 1004 1524 nou
1034 1458 1145 1523 minus
1167 1479 1266 1543 quam
1290 1461 1364 1536 27‚5

235 1565 415 1650 requirant,
448 1546 538 1651 quod¹
560 1565 718 1631 convenit
745 1587 820 1632 cum
855 1565 977 1653 K,00,
1001 1565 1153 1652 partibus
1175 1565 1365 1631 centesimis

237 1692 302 1736 non
324 1673 437 1738 minus
459 1694 559 1759 quam
583 1676 635 1740 95.

280 1779 358 1843 Per
386 1781 549 1846 calcem
578 1781 722 1845 vivam
753 1779 1006 1845 servandus.

333 2156 383 2254 ÷
417 2159 687 2257 carbones
725 2161 934 2256 kelicus
973 2162 1180 2256 crudus.

277 2336 391 2404 Pulvis
410 2338 515 2416 albus,
534 2359 708 2424 grenosus,
728 2339 998 2426 bygroscopicus,
1017 2337 1138 2426 K,CO³
1164 2342 1363 2423 partescen-

236 2443 370 2511 tesimas
399 2468 469 2511 non
499 2446 610 2511 minus
632 2468 733 2532 quam
753 2449 796 2512 90
815 2447 1001 2515 continens.
1044 2445 1213 2512 Carbones
1235 2446 1365 2512 kalicus

235 2550 355 2617 crudrm
376 2553 414 2617 in
436 2575 543 2638 equae
566 2557 660 2639 parte
681 2559 699 2618 1
719 2555 768 2618 ita
779 2553 923 2620 solvitur
934 2557 974 2619 ut
984 2553 1094 2640 liquor
1105 2552 1176 2618 fere
1188 2553 1296 2618 clarus
1308 2553 1364 2619 sit.

276 2655 478 2724 Carbonatis
508 2659 610 2724 kalici
639 2659 734 2725 crudi
755 2681 906 2746 gramma
931 2663 948 2724 1
972 2659 1009 2723 in
1031 2681 1137 2745 aquae
1159 2659 1363 2725 centimetris

232 2763 354 2831 cubicis
390 2769 431 2830 15
465 2766 612 2833 solutum
645 2767 805 2832 alcalinse
838 2765 1016 2832 rescticnis
1047 2771 1114 2844 cst;
1138 2765 1254 2831 addito
1276 2766 1363 2832 acidi

232 2871 381 2938 tartarici
403 2877 588 2957 grammate
619 2878 637 2937 l
661 2873 697 2938 in
719 2894 825 2959 aquae
847 2872 1052 2938 centimetris
1071 2871 1360 2950 cubicis5solutc,

231 2976 412 3065 dioxydum
423 2979 634 3045 carbonicum
647 2980 813 3058 emittens,
826 2979 1081 3064 praecipitatum
1089 2978 1210 3058 album,
1220 2979 1362 3064 crystal-

232 3083 335 3150 linum
357 3084 506 3170 deponit.

276 3190 478 3258 Carbonatis
500 3192 601 3258 kalici
619 3193 714 3259 crudi
728 3197 916 3279 grammate
932 3195 951 3258 2
967 3198 1005 3259 ut
1020 3192 1172 3258 neutrius
1183 3191 1360 3258 necationis

232 3297 304 3376 sint,
327 3299 416 3364 acidi
437 3299 597 3365 normalis
619 3299 815 3367 centimetra
837 3300 953 3366 cubica
964 3321 1032 3364 non
1051 3299 1272 3384 minusquam
1285 3301 1360 3376 2630

232 3404 412 3491 requirant.

438 3712 489 3810 -Ι-
521 3715 791 3812 carbones
835 3717 1068 3812 lithieus.

724 3884 864 3972 moe,

274 4025 385 4092 Pulvis
421 4026 527 4105 albus,
550 4028 643 4107 levis,
667 4029 725 4114 qui
748 4028 931 4094 calefactus
952 4028 1114 4114 liquescit,
1138 4027 1358 4112 refrigescens

231 4129 265 4194 in
285 4133 445 4218 crystalla
467 4135 631 4202 coalescit.
669 4134 841 4202 Carbones
860 4135 995 4202 lithicus
1020 4136 1057 4200 in
1079 4157 1184 4222 aquae
1207 4132 1358 4219 partibus

234 4233 273 4300 75
300 4239 459 4328 solvitur3
493 4242 542 4307 ita
571 4243 703 4310 solutus
732 4243 893 4310 alcslinae
915 4243 1092 4308 reactionis
1111 4246 1170 4320 ert,
1196 4238 1357 4306 ebulliens
