<?xml version="1.0" encoding="UTF-8"?>
<!DOCTYPE html PUBLIC "-//W3C//DTD XHTML 1.0 Transitional//EN"
    "http://www.w3.org/TR/xhtml1/DTD/xhtml1-transitional.dtd">
<html xmlns="http://www.w3.org/1999/xhtml" xml:lang="en" lang="en">
 <head>
  <title>
</title>
<meta http-equiv="Content-Type" content="text/html;charset=utf-8" />
  <meta name='ocr-system' content='tesseract 3.04.00' />
  <meta name='ocr-capabilities' content='ocr_page ocr_carea ocr_par ocr_line ocrx_word'/>
</head>
<body>
  <div class='ocr_page' id='page_1' title='image "./pharmocopoeaned00zakegoog_0353.png"; bbox 0 0 3582 5034; ppageno 0'>
   <div class='ocr_carea' id='block_1_1' title="bbox 902 463 966 526">
    <p class='ocr_par' dir='ltr' id='par_1_1' title="bbox 902 463 966 526">
     <span class='ocr_line' id='line_1_1' title="bbox 902 463 966 526; baseline 0 0"><span class='ocrx_word' id='word_1_1' title='bbox 902 463 966 526; x_wconf 89' lang='grc'><strong>322</strong></span> 
     </span>
    </p>
   </div>
   <div class='ocr_carea' id='block_1_2' title="bbox 364 657 1497 3923">
    <p class='ocr_par' dir='ltr' id='par_1_2' title="bbox 364 657 1497 849">
     <span class='ocr_line' id='line_1_2' title="bbox 412 657 1497 744; baseline 0 -22"><span class='ocrx_word' id='word_1_2' title='bbox 412 657 505 723; x_wconf 87' lang='lat' dir='ltr'>Odor</span> <span class='ocrx_word' id='word_1_3' title='bbox 527 657 670 735; x_wconf 70' lang='lat' dir='ltr'><strong>corticis</strong></span> <span class='ocrx_word' id='word_1_4' title='bbox 695 657 858 744; x_wconf 82' lang='lat' dir='ltr'><strong>imprimis</strong></span> <span class='ocrx_word' id='word_1_5' title='bbox 881 679 957 724; x_wconf 89' lang='lat' dir='ltr'><strong>eum</strong></span> <span class='ocrx_word' id='word_1_6' title='bbox 972 657 1201 735; x_wconf 89' lang='lat' dir='ltr'><strong>contunditur,</strong></span> <span class='ocrx_word' id='word_1_7' title='bbox 1215 659 1366 723; x_wconf 89' lang='lat' dir='ltr'><strong>mucidus</strong></span> <span class='ocrx_word' id='word_1_8' title='bbox 1376 679 1383 738; x_wconf 93' lang='lat'>;</span> <span class='ocrx_word' id='word_1_9' title='bbox 1396 679 1497 743; x_wconf 89' lang='lat' dir='ltr'><strong>sapor</strong></span> 
     </span>
     <span class='ocr_line' id='line_1_3' title="bbox 364 763 1402 849; baseline 0.001 -22"><span class='ocrx_word' id='word_1_10' title='bbox 364 764 497 848; x_wconf 81' lang='lat' dir='ltr'><strong>ingrate</strong></span> <span class='ocrx_word' id='word_1_11' title='bbox 519 785 663 831; x_wconf 83' lang='lat' dir='ltr'><strong>amarus.</strong></span> <span class='ocrx_word' id='word_1_12' title='bbox 688 764 830 848; x_wconf 85' lang='lat' dir='ltr'><strong>Lignum</strong></span> <span class='ocrx_word' id='word_1_13' title='bbox 854 763 966 829; x_wconf 89' lang='lat' dir='ltr'><strong>odoris</strong></span> <span class='ocrx_word' id='word_1_14' title='bbox 990 769 1023 828; x_wconf 91' lang='lat' dir='ltr'><strong>et</strong></span> <span class='ocrx_word' id='word_1_15' title='bbox 1046 765 1176 849; x_wconf 88' lang='lat' dir='ltr'><strong>saporis</strong></span> <span class='ocrx_word' id='word_1_16' title='bbox 1199 787 1317 849; x_wconf 82' lang='lat' dir='ltr'>expers</span> <span class='ocrx_word' id='word_1_17' title='bbox 1340 771 1402 830; x_wconf 89' lang='lat' dir='ltr'><strong>est.</strong></span> 
     </span>
    </p>

    <p class='ocr_par' dir='ltr' id='par_1_3' title="bbox 367 871 1496 1063">
     <span class='ocr_line' id='line_1_4' title="bbox 410 871 1496 956; baseline 0.001 -21"><span class='ocrx_word' id='word_1_18' title='bbox 410 871 524 935; x_wconf 86' lang='lat' dir='ltr'><strong>Pulvis</strong></span> <span class='ocrx_word' id='word_1_19' title='bbox 543 871 675 935; x_wconf 85' lang='lat' dir='ltr'><strong>Radicis</strong></span> <span class='ocrx_word' id='word_1_20' title='bbox 695 871 1150 956; x_wconf 79' lang='lat' dir='ltr'><strong>Ipecacuanhaecombustus</strong></span> <span class='ocrx_word' id='word_1_21' title='bbox 1163 871 1283 936; x_wconf 88' lang='lat' dir='ltr'><strong>cineris</strong></span> <span class='ocrx_word' id='word_1_22' title='bbox 1296 877 1409 956; x_wconf 85' lang='lat' dir='ltr'><strong>partes</strong></span> <span class='ocrx_word' id='word_1_23' title='bbox 1421 893 1496 936; x_wconf 88' lang='lat' dir='ltr'><strong>cen·</strong></span> 
     </span>
     <span class='ocr_line' id='line_1_5' title="bbox 367 978 891 1063; baseline -0.002 -21"><span class='ocrx_word' id='word_1_24' title='bbox 367 978 502 1043; x_wconf 87' lang='lat' dir='ltr'><strong>tesimas</strong></span> <span class='ocrx_word' id='word_1_25' title='bbox 528 981 580 1056; x_wconf 90' lang='lat' dir='ltr'><strong>l,8</strong></span> <span class='ocrx_word' id='word_1_26' title='bbox 604 978 646 1042; x_wconf 86' lang='lat' dir='ltr'><strong>ad</strong></span> <span class='ocrx_word' id='word_1_27' title='bbox 671 981 689 1043; x_wconf 90' lang='lat'>6</span> <span class='ocrx_word' id='word_1_28' title='bbox 714 978 891 1063; x_wconf 87' lang='lat' dir='ltr'><strong>relinquat.</strong></span> 
     </span>
    </p>

    <p class='ocr_par' dir='ltr' id='par_1_4' title="bbox 364 1084 1496 3090">
     <span class='ocr_line' id='line_1_6' title="bbox 411 1084 1495 1170; baseline -0.003 -20"><span class='ocrx_word' id='word_1_29' title='bbox 411 1084 537 1150; x_wconf 80' lang='lat' dir='ltr'><strong>Cortex</strong></span> <span class='ocrx_word' id='word_1_30' title='bbox 578 1085 711 1149; x_wconf 86' lang='lat' dir='ltr'><strong>Radieis</strong></span> <span class='ocrx_word' id='word_1_31' title='bbox 750 1085 999 1170; x_wconf 85' lang='lat' dir='ltr'><strong>Ipscaeuanhae</strong></span> <span class='ocrx_word' id='word_1_32' title='bbox 1034 1084 1291 1149; x_wconf 86' lang='lat' dir='ltr'><strong>alcaloideorum</strong></span> <span class='ocrx_word' id='word_1_33' title='bbox 1326 1085 1495 1148; x_wconf 89' lang='lat' dir='ltr'><strong>contineat</strong></span> 
     </span>
     <span class='ocr_line' id='line_1_7' title="bbox 366 1191 1494 1276; baseline -0.001 -21"><span class='ocrx_word' id='word_1_34' title='bbox 366 1196 479 1276; x_wconf 87' lang='lat' dir='ltr'><strong>partes</strong></span> <span class='ocrx_word' id='word_1_35' title='bbox 507 1192 704 1257; x_wconf 83' lang='lat' dir='ltr'><strong>centesimas</strong></span> <span class='ocrx_word' id='word_1_36' title='bbox 735 1194 764 1270; x_wconf 83' lang='lat'><strong>2,</strong></span> <span class='ocrx_word' id='word_1_37' title='bbox 791 1191 824 1254; x_wconf 91' lang='lat' dir='ltr'><strong>id</strong></span> <span class='ocrx_word' id='word_1_38' title='bbox 847 1191 936 1276; x_wconf 91' lang='lat' dir='ltr'><strong>quod</strong></span> <span class='ocrx_word' id='word_1_39' title='bbox 960 1191 1009 1257; x_wconf 88' lang='lat' dir='ltr'><strong>ita</strong></span> <span class='ocrx_word' id='word_1_40' title='bbox 1032 1193 1193 1256; x_wconf 72' lang='lat' dir='ltr'><strong>statuitur</strong></span> <span class='ocrx_word' id='word_1_41' title='bbox 1216 1197 1250 1256; x_wconf 85' lang='lat' dir='ltr'><strong>et</strong></span> <span class='ocrx_word' id='word_1_42' title='bbox 1274 1195 1494 1276; x_wconf 87' lang='lat' dir='ltr'><strong>temperatur:</strong></span> 
     </span>
     <span class='ocr_line' id='line_1_8' title="bbox 366 1297 1496 1384; baseline 0 -22"><span class='ocrx_word' id='word_1_43' title='bbox 366 1298 547 1362; x_wconf 87' lang='lat' dir='ltr'><strong>Mixtarum</strong></span> <span class='ocrx_word' id='word_1_44' title='bbox 570 1298 730 1383; x_wconf 87' lang='lat' dir='ltr'><strong>(pondere</strong></span> <span class='ocrx_word' id='word_1_45' title='bbox 750 1299 902 1384; x_wconf 88' lang='lat' dir='ltr'><strong>specifico</strong></span> <span class='ocrx_word' id='word_1_46' title='bbox 915 1301 1028 1380; x_wconf 88' lang='lat' dir='ltr'><strong>0,9l9)</strong></span> <span class='ocrx_word' id='word_1_47' title='bbox 1044 1297 1260 1363; x_wconf 85' lang='lat' dir='ltr'><strong>chloroformi</strong></span> <span class='ocrx_word' id='word_1_48' title='bbox 1272 1297 1417 1384; x_wconf 86' lang='lat' dir='ltr'><strong>partium</strong></span> <span class='ocrx_word' id='word_1_49' title='bbox 1431 1300 1449 1360; x_wconf 88' lang='grc'><strong>2</strong></span> <span class='ocrx_word' id='word_1_50' title='bbox 1462 1300 1496 1362; x_wconf 88' lang='lat' dir='ltr'><strong>et</strong></span> 
     </span>
     <span class='ocr_line' id='line_1_9' title="bbox 366 1403 1495 1490; baseline -0.002 -21"><span class='ocrx_word' id='word_1_51' title='bbox 366 1405 511 1470; x_wconf 85' lang='lat' dir='ltr'><strong>aetheris</strong></span> <span class='ocrx_word' id='word_1_52' title='bbox 544 1405 690 1490; x_wconf 90' lang='lat' dir='ltr'><strong>partium</strong></span> <span class='ocrx_word' id='word_1_53' title='bbox 721 1408 741 1469; x_wconf 83' lang='lat'><strong>3</strong></span> <span class='ocrx_word' id='word_1_54' title='bbox 766 1405 972 1470; x_wconf 85' lang='lat' dir='ltr'><strong>centimetris</strong></span> <span class='ocrx_word' id='word_1_55' title='bbox 996 1405 1120 1470; x_wconf 81' lang='lat' dir='ltr'><strong>cubicis</strong></span> <span class='ocrx_word' id='word_1_56' title='bbox 1146 1405 1186 1470; x_wconf 78' lang='lat'><strong>75</strong></span> <span class='ocrx_word' id='word_1_57' title='bbox 1211 1426 1286 1469; x_wconf 90' lang='lat' dir='ltr'><strong>cum</strong></span> <span class='ocrx_word' id='word_1_58' title='bbox 1310 1403 1495 1468; x_wconf 88' lang='lat' dir='ltr'><strong>ammoniae</strong></span> 
     </span>
     <span class='ocr_line' id='line_1_10' title="bbox 366 1510 1495 1596; baseline -0.001 -22"><span class='ocrx_word' id='word_1_59' title='bbox 366 1511 571 1575; x_wconf 88' lang='lat' dir='ltr'><strong>centimetris</strong></span> <span class='ocrx_word' id='word_1_60' title='bbox 604 1510 729 1576; x_wconf 80' lang='lat' dir='ltr'><strong>cubicis</strong></span> <span class='ocrx_word' id='word_1_61' title='bbox 769 1514 810 1575; x_wconf 91' lang='grc'><strong>10</strong></span> <span class='ocrx_word' id='word_1_62' title='bbox 844 1511 1074 1594; x_wconf 85' lang='lat' dir='ltr'><strong>conquassatis</strong></span> <span class='ocrx_word' id='word_1_63' title='bbox 1109 1510 1192 1575; x_wconf 87' lang='lat' dir='ltr'><strong>adde</strong></span> <span class='ocrx_word' id='word_1_64' title='bbox 1227 1510 1375 1595; x_wconf 86' lang='lat' dir='ltr'><strong>pulveris</strong></span> <span class='ocrx_word' id='word_1_65' title='bbox 1409 1511 1495 1596; x_wconf 58' lang='lat' dir='ltr'>(Bw)</span> 
     </span>
     <span class='ocr_line' id='line_1_11' title="bbox 367 1616 1496 1704; baseline 0 -22"><span class='ocrx_word' id='word_1_66' title='bbox 367 1617 511 1683; x_wconf 84' lang='lat' dir='ltr'><strong>Corticis</strong></span> <span class='ocrx_word' id='word_1_67' title='bbox 523 1617 657 1682; x_wconf 86' lang='lat' dir='ltr'><strong>Rodicis</strong></span> <span class='ocrx_word' id='word_1_68' title='bbox 665 1618 913 1704; x_wconf 84' lang='lat' dir='ltr'><strong>Ipscaeuanhae</strong></span> <span class='ocrx_word' id='word_1_69' title='bbox 924 1623 1112 1702; x_wconf 85' lang='lat' dir='ltr'><strong>grammata</strong></span> <span class='ocrx_word' id='word_1_70' title='bbox 1125 1619 1195 1696; x_wconf 77' lang='lat'><strong>⁷,53</strong></span> <span class='ocrx_word' id='word_1_71' title='bbox 1209 1639 1293 1703; x_wconf 88' lang='lat' dir='ltr'><strong>quae</strong></span> <span class='ocrx_word' id='word_1_72' title='bbox 1305 1616 1496 1702; x_wconf 82' lang='lat' dir='ltr'><strong>frequenter</strong></span> 
     </span>
     <span class='ocr_line' id='line_1_12' title="bbox 366 1721 1495 1809; baseline -0.003 -21"><span class='ocrx_word' id='word_1_73' title='bbox 366 1730 400 1789; x_wconf 90' lang='lat' dir='ltr'><strong>et</strong></span> <span class='ocrx_word' id='word_1_74' title='bbox 430 1724 565 1789; x_wconf 82' lang='lat' dir='ltr'><strong>fortiter</strong></span> <span class='ocrx_word' id='word_1_75' title='bbox 594 1746 653 1809; x_wconf 91' lang='lat' dir='ltr'><strong>per</strong></span> <span class='ocrx_word' id='word_1_76' title='bbox 683 1726 782 1789; x_wconf 87' lang='lat' dir='ltr'><strong>horas</strong></span> <span class='ocrx_word' id='word_1_77' title='bbox 806 1727 826 1788; x_wconf 83' lang='lat'><strong>3</strong></span> <span class='ocrx_word' id='word_1_78' title='bbox 849 1728 1070 1809; x_wconf 83' lang='lat' dir='ltr'><strong>conquassata</strong></span> <span class='ocrx_word' id='word_1_79' title='bbox 1092 1723 1147 1788; x_wconf 87' lang='lat' dir='ltr'><strong>fac</strong></span> <span class='ocrx_word' id='word_1_80' title='bbox 1169 1722 1341 1801; x_wconf 84' lang='lat' dir='ltr'><strong>desidant;</strong></span> <span class='ocrx_word' id='word_1_81' title='bbox 1366 1721 1495 1786; x_wconf 85' lang='lat' dir='ltr'><strong>alcaloi-</strong></span> 
     </span>
     <span class='ocr_line' id='line_1_13' title="bbox 365 1829 1496 1914; baseline -0.002 -19"><span class='ocrx_word' id='word_1_82' title='bbox 365 1831 502 1896; x_wconf 89' lang='lat' dir='ltr'><strong>deorum</strong></span> <span class='ocrx_word' id='word_1_83' title='bbox 525 1831 701 1897; x_wconf 88' lang='lat' dir='ltr'><strong>solutionis</strong></span> <span class='ocrx_word' id='word_1_84' title='bbox 724 1832 831 1896; x_wconf 84' lang='lat' dir='ltr'><strong>clarae</strong></span> <span class='ocrx_word' id='word_1_85' title='bbox 854 1832 1050 1896; x_wconf 86' lang='lat' dir='ltr'><strong>centimetra</strong></span> <span class='ocrx_word' id='word_1_86' title='bbox 1072 1830 1189 1894; x_wconf 90' lang='lat' dir='ltr'><strong>cubica</strong></span> <span class='ocrx_word' id='word_1_87' title='bbox 1209 1832 1251 1893; x_wconf 89' lang='lat'><strong>50</strong></span> <span class='ocrx_word' id='word_1_88' title='bbox 1274 1832 1326 1906; x_wconf 78' lang='lat' dir='ltr'><strong>(z</strong></span> <span class='ocrx_word' id='word_1_89' title='bbox 1351 1829 1496 1914; x_wconf 87' lang='lat' dir='ltr'><strong>pulveris</strong></span> 
     </span>
     <span class='ocr_line' id='line_1_14' title="bbox 366 1935 1495 2023; baseline -0.004 -19"><span class='ocrx_word' id='word_1_90' title='bbox 366 1937 509 2004; x_wconf 81' lang='lat' dir='ltr'><strong>Corticis</strong></span> <span class='ocrx_word' id='word_1_91' title='bbox 521 1939 655 2004; x_wconf 85' lang='lat' dir='ltr'><strong>Radicis</strong></span> <span class='ocrx_word' id='word_1_92' title='bbox 666 1938 914 2022; x_wconf 85' lang='lat' dir='ltr'><strong>Ipecacuanhae</strong></span> <span class='ocrx_word' id='word_1_93' title='bbox 933 1942 1120 2023; x_wconf 83' lang='lat' dir='ltr'><strong>grammata</strong></span> <span class='ocrx_word' id='word_1_94' title='bbox 1132 1941 1167 2018; x_wconf 83' lang='lat'><strong>5)</strong></span> <span class='ocrx_word' id='word_1_95' title='bbox 1178 1935 1341 2015; x_wconf 84' lang='lat' dir='ltr'><strong>defunde;</strong></span> <span class='ocrx_word' id='word_1_96' title='bbox 1361 1937 1495 2000; x_wconf 87' lang='lat' dir='ltr'><strong>aethera</strong></span> 
     </span>
     <span class='ocr_line' id='line_1_15' title="bbox 365 2043 1495 2129; baseline -0.003 -20"><span class='ocrx_word' id='word_1_97' title='bbox 365 2067 440 2110; x_wconf 82' lang='lat' dir='ltr'><strong>curn</strong></span> <span class='ocrx_word' id='word_1_98' title='bbox 452 2044 676 2109; x_wconf 83' lang='lat' dir='ltr'><strong>chloroformo</strong></span> <span class='ocrx_word' id='word_1_99' title='bbox 688 2045 912 2110; x_wconf 79' lang='lat' dir='ltr'><strong>destillatione</strong></span> <span class='ocrx_word' id='word_1_100' title='bbox 924 2066 1066 2122; x_wconf 82' lang='lat' dir='ltr'><strong>remove,</strong></span> <span class='ocrx_word' id='word_1_101' title='bbox 1080 2044 1131 2122; x_wconf 90' lang='lat' dir='ltr'><strong>iis,</strong></span> <span class='ocrx_word' id='word_1_102' title='bbox 1144 2065 1229 2129; x_wconf 86' lang='lat' dir='ltr'><strong>quae</strong></span> <span class='ocrx_word' id='word_1_103' title='bbox 1241 2049 1447 2129; x_wconf 88' lang='lat' dir='ltr'><strong>supererunt,</strong></span> <span class='ocrx_word' id='word_1_104' title='bbox 1461 2043 1495 2106; x_wconf 90' lang='lat' dir='ltr'><strong>in</strong></span> 
     </span>
     <span class='ocr_line' id='line_1_16' title="bbox 365 2149 1495 2238; baseline -0.004 -21"><span class='ocrx_word' id='word_1_105' title='bbox 365 2151 503 2238; x_wconf 87' lang='lat' dir='ltr'><strong>spiritus</strong></span> <span class='ocrx_word' id='word_1_106' title='bbox 537 2153 742 2216; x_wconf 86' lang='lat' dir='ltr'><strong>centimetris</strong></span> <span class='ocrx_word' id='word_1_107' title='bbox 776 2153 900 2217; x_wconf 90' lang='lat' dir='ltr'><strong>cubicis</strong></span> <span class='ocrx_word' id='word_1_108' title='bbox 934 2150 1104 2215; x_wconf 89' lang='lat' dir='ltr'><strong>nonnullis</strong></span> <span class='ocrx_word' id='word_1_109' title='bbox 1139 2150 1257 2215; x_wconf 89' lang='lat' dir='ltr'><strong>solutis</strong></span> <span class='ocrx_word' id='word_1_110' title='bbox 1291 2149 1376 2214; x_wconf 84' lang='lat' dir='ltr'><strong>adde</strong></span> <span class='ocrx_word' id='word_1_111' title='bbox 1410 2149 1495 2214; x_wconf 86' lang='lat' dir='ltr'><strong>acidi</strong></span> 
     </span>
     <span class='ocr_line' id='line_1_17' title="bbox 365 2255 1495 2343; baseline -0.002 -21"><span class='ocrx_word' id='word_1_112' title='bbox 365 2258 611 2343; x_wconf 86' lang='lat' dir='ltr'><strong>hydroehlorioi</strong></span> <span class='ocrx_word' id='word_1_113' title='bbox 634 2258 865 2323; x_wconf 84' lang='lat' dir='ltr'><strong>deeinormslis</strong></span> <span class='ocrx_word' id='word_1_114' title='bbox 888 2259 1082 2323; x_wconf 87' lang='lat' dir='ltr'><strong>centimetra</strong></span> <span class='ocrx_word' id='word_1_115' title='bbox 1101 2257 1216 2322; x_wconf 86' lang='lat' dir='ltr'><strong>cubica</strong></span> <span class='ocrx_word' id='word_1_116' title='bbox 1238 2260 1288 2321; x_wconf 91' lang='lat'><strong>10.</strong></span> <span class='ocrx_word' id='word_1_117' title='bbox 1313 2255 1495 2321; x_wconf 85' lang='lat' dir='ltr'><strong>Alesloide-</strong></span> 
     </span>
     <span class='ocr_line' id='line_1_18' title="bbox 365 2364 1496 2450; baseline -0.001 -21"><span class='ocrx_word' id='word_1_118' title='bbox 365 2385 460 2429; x_wconf 90' lang='lat' dir='ltr'><strong>orum</strong></span> <span class='ocrx_word' id='word_1_119' title='bbox 484 2365 683 2430; x_wconf 85' lang='lat' dir='ltr'><strong>solutionem</strong></span> <span class='ocrx_word' id='word_1_120' title='bbox 703 2365 831 2429; x_wconf 84' lang='lat' dir='ltr'><strong>acidam</strong></span> <span class='ocrx_word' id='word_1_121' title='bbox 843 2387 903 2450; x_wconf 89' lang='lat' dir='ltr'><strong>per</strong></span> <span class='ocrx_word' id='word_1_122' title='bbox 914 2365 1109 2450; x_wconf 85' lang='lat' dir='ltr'><strong>gossypium</strong></span> <span class='ocrx_word' id='word_1_123' title='bbox 1122 2364 1210 2429; x_wconf 87' lang='lat' dir='ltr'><strong>filtra</strong></span> <span class='ocrx_word' id='word_1_124' title='bbox 1222 2369 1256 2430; x_wconf 92' lang='lat' dir='ltr'><strong>et</strong></span> <span class='ocrx_word' id='word_1_125' title='bbox 1267 2364 1380 2450; x_wconf 80' lang='lat' dir='ltr'><strong>parvis</strong></span> <span class='ocrx_word' id='word_1_126' title='bbox 1391 2385 1496 2449; x_wconf 85' lang='lat' dir='ltr'><strong>aquae</strong></span> 
     </span>
     <span class='ocr_line' id='line_1_19' title="bbox 365 2470 1496 2557; baseline -0.002 -22"><span class='ocrx_word' id='word_1_127' title='bbox 365 2471 612 2557; x_wconf 74' lang='lat' dir='ltr'><strong>quantitatibus</strong></span> <span class='ocrx_word' id='word_1_128' title='bbox 634 2471 731 2536; x_wconf 88' lang='lat' dir='ltr'><strong>ablue</strong></span> <span class='ocrx_word' id='word_1_129' title='bbox 753 2472 832 2535; x_wconf 89' lang='lat' dir='ltr'><strong>dum</strong></span> <span class='ocrx_word' id='word_1_130' title='bbox 856 2473 965 2557; x_wconf 89' lang='lat' dir='ltr'><strong>liquor</strong></span> <span class='ocrx_word' id='word_1_131' title='bbox 986 2472 1136 2536; x_wconf 89' lang='lat' dir='ltr'><strong>defluens</strong></span> <span class='ocrx_word' id='word_1_132' title='bbox 1156 2471 1307 2536; x_wconf 91' lang='lat' dir='ltr'><strong>neutrius</strong></span> <span class='ocrx_word' id='word_1_133' title='bbox 1318 2470 1496 2535; x_wconf 87' lang='lat' dir='ltr'><strong>reactionis</strong></span> 
     </span>
     <span class='ocr_line' id='line_1_20' title="bbox 365 2577 1495 2664; baseline -0.002 -21"><span class='ocrx_word' id='word_1_134' title='bbox 365 2583 399 2643; x_wconf 89' lang='lat' dir='ltr'><strong>et</strong></span> <span class='ocrx_word' id='word_1_135' title='bbox 422 2577 611 2642; x_wconf 85' lang='lat' dir='ltr'><strong>alcaloideis</strong></span> <span class='ocrx_word' id='word_1_136' title='bbox 634 2578 718 2642; x_wconf 90' lang='lat' dir='ltr'><strong>liber</strong></span> <span class='ocrx_word' id='word_1_137' title='bbox 740 2579 794 2657; x_wconf 86' lang='lat' dir='ltr'><strong>sit,</strong></span> <span class='ocrx_word' id='word_1_138' title='bbox 818 2601 884 2664; x_wconf 90' lang='lat' dir='ltr'><strong>quo</strong></span> <span class='ocrx_word' id='word_1_139' title='bbox 908 2579 999 2644; x_wconf 83' lang='lat' dir='ltr'><strong>iacto</strong></span> <span class='ocrx_word' id='word_1_140' title='bbox 1022 2579 1148 2644; x_wconf 87' lang='lat' dir='ltr'><strong>filtrata</strong></span> <span class='ocrx_word' id='word_1_141' title='bbox 1171 2585 1243 2644; x_wconf 87' lang='lat' dir='ltr'><strong>tota</strong></span> <span class='ocrx_word' id='word_1_142' title='bbox 1266 2600 1307 2642; x_wconf 90' lang='lat' dir='ltr'><strong>ne</strong></span> <span class='ocrx_word' id='word_1_143' title='bbox 1330 2579 1399 2644; x_wconf 90' lang='lat' dir='ltr'><strong>sint</strong></span> <span class='ocrx_word' id='word_1_144' title='bbox 1421 2577 1495 2664; x_wconf 88' lang='lat' dir='ltr'><strong>plus</strong></span> 
     </span>
     <span class='ocr_line' id='line_1_21' title="bbox 364 2685 1494 2770; baseline -0.001 -22"><span class='ocrx_word' id='word_1_145' title='bbox 364 2706 464 2770; x_wconf 87' lang='lat' dir='ltr'><strong>quam</strong></span> <span class='ocrx_word' id='word_1_146' title='bbox 487 2685 719 2750; x_wconf 79' lang='lat' dir='ltr'><strong>centimetrum</strong></span> <span class='ocrx_word' id='word_1_147' title='bbox 736 2687 927 2751; x_wconf 89' lang='lat' dir='ltr'><strong>cubicorum</strong></span> <span class='ocrx_word' id='word_1_148' title='bbox 942 2689 1014 2750; x_wconf 90' lang='lat'>100.</span> <span class='ocrx_word' id='word_1_149' title='bbox 1039 2686 1180 2750; x_wconf 82' lang='lat' dir='ltr'><strong>Acidum</strong></span> <span class='ocrx_word' id='word_1_150' title='bbox 1192 2707 1260 2750; x_wconf 91' lang='lat' dir='ltr'><strong>non</strong></span> <span class='ocrx_word' id='word_1_151' title='bbox 1272 2685 1494 2760; x_wconf 90' lang='lat' dir='ltr'><strong>coniunctum,</strong></span> 
     </span>
     <span class='ocr_line' id='line_1_22' title="bbox 366 2790 1496 2878; baseline 0.001 -24"><span class='ocrx_word' id='word_1_152' title='bbox 366 2791 551 2856; x_wconf 88' lang='lat' dir='ltr'><strong>iudicatore</strong></span> <span class='ocrx_word' id='word_1_153' title='bbox 576 2792 837 2877; x_wconf 86' lang='lat' dir='ltr'><strong>haematoxylini</strong></span> <span class='ocrx_word' id='word_1_154' title='bbox 872 2793 978 2878; x_wconf 82' lang='lat' dir='ltr'><strong>guttis</strong></span> <span class='ocrx_word' id='word_1_155' title='bbox 1013 2795 1043 2870; x_wconf 80' lang='lat'><strong>4,</strong></span> <span class='ocrx_word' id='word_1_156' title='bbox 1075 2814 1135 2878; x_wconf 90' lang='lat' dir='ltr'><strong>per</strong></span> <span class='ocrx_word' id='word_1_157' title='bbox 1156 2792 1252 2857; x_wconf 88' lang='lat' dir='ltr'><strong>alcali</strong></span> <span class='ocrx_word' id='word_1_158' title='bbox 1275 2790 1496 2857; x_wconf 88' lang='lat' dir='ltr'><strong>decinormale</strong></span> 
     </span>
     <span class='ocr_line' id='line_1_23' title="bbox 365 2898 1495 2964; baseline 0.001 -2"><span class='ocrx_word' id='word_1_159' title='bbox 365 2898 549 2962; x_wconf 87' lang='lat' dir='ltr'><strong>retrotitra.</strong></span> <span class='ocrx_word' id='word_1_160' title='bbox 585 2899 681 2962; x_wconf 93' lang='lat' dir='ltr'><strong>Acidi</strong></span> <span class='ocrx_word' id='word_1_161' title='bbox 712 2898 944 2964; x_wconf 87' lang='lat' dir='ltr'><strong>decinormalis</strong></span> <span class='ocrx_word' id='word_1_162' title='bbox 969 2900 1139 2964; x_wconf 89' lang='lat' dir='ltr'><strong>coniuncti</strong></span> <span class='ocrx_word' id='word_1_163' title='bbox 1162 2899 1358 2964; x_wconf 86' lang='lat' dir='ltr'><strong>centimetra</strong></span> <span class='ocrx_word' id='word_1_164' title='bbox 1381 2898 1495 2963; x_wconf 89' lang='lat' dir='ltr'><strong>cubica</strong></span> 
     </span>
     <span class='ocr_line' id='line_1_24' title="bbox 366 3004 1350 3090; baseline 0 -22"><span class='ocrx_word' id='word_1_165' title='bbox 366 3005 499 3089; x_wconf 85' lang='lat' dir='ltr'><strong>singula</strong></span> <span class='ocrx_word' id='word_1_166' title='bbox 521 3005 776 3070; x_wconf 86' lang='lat' dir='ltr'><strong>alcaloideorum</strong></span> <span class='ocrx_word' id='word_1_167' title='bbox 800 3005 1069 3090; x_wconf 85' lang='lat' dir='ltr'><strong>milligrammata</strong></span> <span class='ocrx_word' id='word_1_168' title='bbox 1094 3007 1169 3082; x_wconf 78' lang='lat'><strong>25‚4</strong></span> <span class='ocrx_word' id='word_1_169' title='bbox 1193 3004 1350 3070; x_wconf 85' lang='lat' dir='ltr'><strong>indicant.</strong></span> 
     </span>
    </p>

    <p class='ocr_par' dir='ltr' id='par_1_5' title="bbox 365 3109 1495 3923">
     <span class='ocr_line' id='line_1_25' title="bbox 411 3109 1495 3197; baseline -0.001 -22"><span class='ocrx_word' id='word_1_170' title='bbox 411 3111 526 3175; x_wconf 86' lang='lat' dir='ltr'><strong>Pulvis</strong></span> <span class='ocrx_word' id='word_1_171' title='bbox 561 3109 702 3176; x_wconf 83' lang='lat' dir='ltr'><strong>Gortieis</strong></span> <span class='ocrx_word' id='word_1_172' title='bbox 722 3112 855 3176; x_wconf 85' lang='lat' dir='ltr'><strong>Radicis</strong></span> <span class='ocrx_word' id='word_1_173' title='bbox 878 3113 1136 3196; x_wconf 86' lang='lat' dir='ltr'><strong>Ipecaeuanhas‚</strong></span> <span class='ocrx_word' id='word_1_174' title='bbox 1160 3133 1258 3197; x_wconf 89' lang='lat' dir='ltr'><strong>quem</strong></span> <span class='ocrx_word' id='word_1_175' title='bbox 1282 3112 1345 3176; x_wconf 88' lang='lat' dir='ltr'><strong>hoc</strong></span> <span class='ocrx_word' id='word_1_176' title='bbox 1368 3111 1495 3197; x_wconf 84' lang='lat' dir='ltr'><strong>experi-</strong></span> 
     </span>
     <span class='ocr_line' id='line_1_26' title="bbox 366 3217 1494 3304; baseline 0.001 -22"><span class='ocrx_word' id='word_1_177' title='bbox 366 3222 479 3282; x_wconf 86' lang='lat' dir='ltr'><strong>mento</strong></span> <span class='ocrx_word' id='word_1_178' title='bbox 521 3217 776 3282; x_wconf 88' lang='lat' dir='ltr'><strong>alcaloideorum</strong></span> <span class='ocrx_word' id='word_1_179' title='bbox 818 3219 928 3282; x_wconf 90' lang='lat' dir='ltr'><strong>minus</strong></span> <span class='ocrx_word' id='word_1_180' title='bbox 961 3241 1061 3304; x_wconf 86' lang='lat' dir='ltr'><strong>quam</strong></span> <span class='ocrx_word' id='word_1_181' title='bbox 1095 3224 1208 3304; x_wconf 84' lang='lat' dir='ltr'><strong>partes</strong></span> <span class='ocrx_word' id='word_1_182' title='bbox 1242 3219 1439 3284; x_wconf 88' lang='lat' dir='ltr'><strong>centesimas</strong></span> <span class='ocrx_word' id='word_1_183' title='bbox 1475 3221 1494 3283; x_wconf 88' lang='grc'><strong>2</strong></span> 
     </span>
     <span class='ocr_line' id='line_1_27' title="bbox 366 3323 1495 3410; baseline -0.002 -21"><span class='ocrx_word' id='word_1_184' title='bbox 366 3323 537 3389; x_wconf 85' lang='lat' dir='ltr'><strong>continere</strong></span> <span class='ocrx_word' id='word_1_185' title='bbox 570 3330 737 3410; x_wconf 86' lang='lat' dir='ltr'><strong>appareat,</strong></span> <span class='ocrx_word' id='word_1_186' title='bbox 773 3326 808 3388; x_wconf 89' lang='lat' dir='ltr'><strong>in</strong></span> <span class='ocrx_word' id='word_1_187' title='bbox 842 3326 1112 3410; x_wconf 85' lang='lat' dir='ltr'><strong>pharmacopolio</strong></span> <span class='ocrx_word' id='word_1_188' title='bbox 1135 3347 1177 3389; x_wconf 89' lang='lat' dir='ltr'><strong>ne</strong></span> <span class='ocrx_word' id='word_1_189' title='bbox 1199 3324 1406 3402; x_wconf 83' lang='lat' dir='ltr'><strong>adhibeatur,</strong></span> <span class='ocrx_word' id='word_1_190' title='bbox 1431 3323 1495 3389; x_wconf 92' lang='lat' dir='ltr'><strong>nisi</strong></span> 
     </span>
     <span class='ocr_line' id='line_1_28' title="bbox 365 3431 1493 3516; baseline 0.003 -21"><span class='ocrx_word' id='word_1_191' title='bbox 365 3437 404 3495; x_wconf 90' lang='lat' dir='ltr'><strong>ut</strong></span> <span class='ocrx_word' id='word_1_192' title='bbox 438 3431 691 3496; x_wconf 88' lang='lat' dir='ltr'><strong>commisceatur</strong></span> <span class='ocrx_word' id='word_1_193' title='bbox 725 3432 860 3516; x_wconf 88' lang='lat' dir='ltr'><strong>pulvere</strong></span> <span class='ocrx_word' id='word_1_194' title='bbox 892 3432 1147 3497; x_wconf 89' lang='lat' dir='ltr'><strong>alcaloideorum</strong></span> <span class='ocrx_word' id='word_1_195' title='bbox 1171 3431 1269 3496; x_wconf 89' lang='lat' dir='ltr'><strong>nimis</strong></span> <span class='ocrx_word' id='word_1_196' title='bbox 1293 3431 1493 3498; x_wconf 88' lang='lat' dir='ltr'><strong>continente.</strong></span> 
     </span>
     <span class='ocr_line' id='line_1_29' title="bbox 367 3538 1494 3624; baseline -0.001 -21"><span class='ocrx_word' id='word_1_197' title='bbox 367 3538 509 3614; x_wconf 86' lang='lat' dir='ltr'><strong>Pulveri,</strong></span> <span class='ocrx_word' id='word_1_198' title='bbox 537 3539 594 3623; x_wconf 91' lang='lat' dir='ltr'><strong>qui</strong></span> <span class='ocrx_word' id='word_1_199' title='bbox 617 3539 872 3604; x_wconf 85' lang='lat' dir='ltr'><strong>alcaloideorum</strong></span> <span class='ocrx_word' id='word_1_200' title='bbox 897 3541 1092 3624; x_wconf 90' lang='lat' dir='ltr'><strong>plusquam</strong></span> <span class='ocrx_word' id='word_1_201' title='bbox 1117 3546 1229 3624; x_wconf 87' lang='lat' dir='ltr'><strong>partos</strong></span> <span class='ocrx_word' id='word_1_202' title='bbox 1252 3539 1451 3604; x_wconf 86' lang='lat' dir='ltr'><strong>centesimas</strong></span> <span class='ocrx_word' id='word_1_203' title='bbox 1476 3541 1494 3603; x_wconf 91' lang='grc'><strong>2</strong></span> 
     </span>
     <span class='ocr_line' id='line_1_30' title="bbox 366 3644 1495 3731; baseline 0 -22"><span class='ocrx_word' id='word_1_204' title='bbox 366 3645 545 3721; x_wconf 89' lang='lat' dir='ltr'><strong>contiueat,</strong></span> <span class='ocrx_word' id='word_1_205' title='bbox 582 3644 771 3709; x_wconf 85' lang='lat' dir='ltr'><strong>addendum</strong></span> <span class='ocrx_word' id='word_1_206' title='bbox 806 3653 857 3710; x_wconf 88' lang='lat' dir='ltr'><strong>est</strong></span> <span class='ocrx_word' id='word_1_207' title='bbox 891 3647 1038 3730; x_wconf 87' lang='lat' dir='ltr'><strong>pulveris</strong></span> <span class='ocrx_word' id='word_1_208' title='bbox 1070 3647 1259 3711; x_wconf 85' lang='lat' dir='ltr'><strong>alcaloideis</strong></span> <span class='ocrx_word' id='word_1_209' title='bbox 1289 3645 1419 3731; x_wconf 86' lang='lat' dir='ltr'><strong>egentis</strong></span> <span class='ocrx_word' id='word_1_210' title='bbox 1442 3646 1495 3709; x_wconf 86' lang='lat' dir='ltr'><strong>vel</strong></span> 
     </span>
     <span class='ocr_line' id='line_1_31' title="bbox 366 3751 1494 3838; baseline 0.002 -24"><span class='ocrx_word' id='word_1_211' title='bbox 366 3751 468 3836; x_wconf 88' lang='lat' dir='ltr'><strong>amyli</strong></span> <span class='ocrx_word' id='word_1_212' title='bbox 511 3773 632 3836; x_wconf 84' lang='lat' dir='ltr'><strong>oryzae</strong></span> <span class='ocrx_word' id='word_1_213' title='bbox 674 3757 805 3816; x_wconf 90' lang='lat' dir='ltr'><strong>tantum</strong></span> <span class='ocrx_word' id='word_1_214' title='bbox 841 3758 879 3817; x_wconf 93' lang='lat' dir='ltr'><strong>ut</strong></span> <span class='ocrx_word' id='word_1_215' title='bbox 914 3753 1023 3818; x_wconf 85' lang='lat' dir='ltr'><strong>iustus</strong></span> <span class='ocrx_word' id='word_1_216' title='bbox 1058 3753 1203 3838; x_wconf 89' lang='lat' dir='ltr'><strong>partium</strong></span> <span class='ocrx_word' id='word_1_217' title='bbox 1239 3752 1494 3818; x_wconf 85' lang='lat' dir='ltr'><strong>centesimarum</strong></span> 
     </span>
     <span class='ocr_line' id='line_1_32' title="bbox 367 3857 718 3923; baseline 0.009 -4"><span class='ocrx_word' id='word_1_218' title='bbox 367 3878 525 3923; x_wconf 86' lang='lat' dir='ltr'><strong>numerus</strong></span> <span class='ocrx_word' id='word_1_219' title='bbox 548 3857 718 3922; x_wconf 90' lang='lat' dir='ltr'><strong>efficiatur.</strong></span> 
     </span>
    </p>
   </div>
   <div class='ocr_carea' id='block_1_3' title="bbox 0 0 1796 5034">
    <p class='ocr_par' dir='ltr' id='par_1_6' title="bbox 0 0 1796 5034">
     <span class='ocr_line' id='line_1_33' title="bbox 0 0 1796 5034; baseline 0 0"><span class='ocrx_word' id='word_1_220' title='bbox 0 0 1796 5034; x_wconf 95' lang='lat' dir='ltr'><strong> </strong></span> 
     </span>
    </p>
   </div>
  </div>
 </body>
</html>
