3530 5026
827 476 866 539 71

322 669 498 736 Carbones
510 669 718 755 magnesious
729 690 790 754 per
800 669 930 734 acidum
942 670 1103 736 aceticum
1114 670 1150 735 in
1161 673 1290 756 aqua(1
1305 696 1339 731 =
1354 673 1412 755 50)

281 777 417 856 solutus,
454 777 569 842 addito
603 776 698 842 acido
732 777 1012 862 hydrosuliurico,
1048 777 1191 863 speciem
1221 800 1264 843 ne
1285 783 1410 858 mutet;

280 883 402 950 additis
437 884 587 949 chloreto
620 884 805 949 ammoniae
840 889 874 949 et
908 884 1076 949 ammonia
1097 889 1136 950 nt
1158 885 1320 950 alcalinus
1341 885 1410 964 fiat,

281 1013 338 1076 per
366 991 637 1077 sulfohydratom
659 991 881 1057 ammonicum
909 1013 950 1056 ne
965 991 1091 1069 statim,
1115 1013 1200 1056 novo
1223 1013 1282 1077 per
1300 993 1411 1058 oxala·

282 1105 346 1164 tem
377 1099 603 1164 ammonioum
624 1099 717 1164 intra
740 1100 842 1164 horae
865 1103 995 1184 partem
1019 1098 1248 1164 duodecimam
1268 1101 1411 1185 speciem

281 1210 407 1283 mutet;
443 1205 567 1271 additis
600 1206 688 1271 acidi
721 1205 834 1271 nitrici
875 1206 981 1290 guttis
1015 1205 1185 1271 nonnullis
1220 1210 1254 1271 et
1287 1207 1412 1272 nitrate

281 1312 431 1398 barytioo
452 1313 506 1377 vel
527 1313 651 1378 nitrate
674 1313 855 1398 argentino,
880 1334 940 1398 per
962 1314 1064 1378 horae
1080 1319 1210 1398 partem
1222 1334 1290 1378 non
1301 1313 1412 1379 minus

281 1440 378 1504 quam
401 1418 632 1484 duodecimam
654 1419 764 1484 clarus
787 1419 841 1484 sit.

322 1525 392 1590 Gan
415 1526 526 1591 orions
549 1547 567 1590 e
590 1527 675 1591 zinci
696 1525 807 1592 frusto
824 1531 982 1612 raagente
1003 1527 1040 1591 in
1052 1527 1199 1592 solutum
1212 1525 1412 1594 Carbonatis

281 1633 461 1718 magnesici
493 1654 643 1717 gramma
679 1638 695 1697 1
730 1634 767 1698 in
792 1632 879 1698 acidi
912 1633 1064 1700 sulfurici
1087 1634 1186 1699 diluti
1208 1635 1413 1702 centimetris

281 1739 403 1805 cubicis
440 1742 481 1805 10
512 1741 662 1805 chartam
684 1739 840 1818 bibulam,
864 1741 1013 1806 chloreto
1037 1741 1279 1826 hydrargyrico
1301 1741 1413 1806 mado·

281 1845 414 1924 factam,
438 1845 562 1912 flavam
583 1869 626 1912 ns
648 1846 767 1912 reddat
788 1846 878 1912 intra
901 1848 1003 1912 horas
1026 1853 1156 1933 partem
1179 1853 1344 1933 quartam.

323 1954 440 2039 Aquae
473 1953 707 2020 centimetrum
737 1953 928 2019 cubicorum
953 1955 995 2020 25
1018 1976 1094 2020 oum
1118 1953 1320 2021 Carbonatis
1344 1976 1412 2020 ma·

282 2059 406 2144 gnesici
418 2063 604 2146 grammato
618 2064 635 2123 1
649 2082 708 2146 per
719 2061 820 2125 horae
829 2064 958 2145 partem
970 2062 1171 2127 tricesimam
1179 2067 1412 2128 concoetorum

281 2165 479 2232 filtratorum
509 2167 706 2232 centimetra
736 2167 851 2233 cubica
883 2171 933 2246 10,
965 2169 1081 2235 addita
1102 2169 1414 2255 phenolphthaleini

282 2277 378 2358 gutta
402 2278 432 2352 1,
463 2275 608 2339 colorem
637 2274 775 2339 rubrum
809 2274 956 2352 trahant,
987 2275 1103 2340 addita
1135 2275 1222 2341 acidi
1255 2277 1414 2342 normalis

282 2383 378 2464 gutta
403 2384 431 2458 1,
464 2380 609 2446 colorem
638 2381 813 2460 amittant;
836 2381 1039 2447 filtratorum
1062 2382 1267 2449 centimetris
1290 2382 1414 2448 cubicis

284 2489 323 2550 10
345 2487 537 2572 evaporatis
556 2509 685 2554 massae
704 2488 829 2554 solidae
848 2488 1118 2574 milligrammate
1135 2511 1177 2554 ne
1193 2489 1268 2575 plus
1280 2490 1413 2575 quamt

282 2594 457 2678 supersint.

325 2699 498 2767 Carbones
521 2702 729 2788 magnesicus
752 2702 968 2770 candefactus
991 2703 1095 2788 oxydi
1109 2703 1414 2790 magnesicipartes

282 2808 477 2874 centesimas
501 2809 545 2872 40
568 2808 611 2874 ad
633 2811 676 2874 43
699 2809 877 2895 relinquat.

567 3164 837 3261 carbones
872 3167 1128 3263 autricus.

701 3325 997 3414 Na200⁸.10H20.

326 3449 492 3516 Prismata
525 3451 647 3517 eoloris
681 3451 842 3536 expertia,
878 3451 1057 3540 perlucida,
1093 3451 1310 3530 monoclin.a;
1338 3473 1415 3517 aero

282 3554 376 3622 facile
405 3556 581 3636 fatiscunt,
612 3579 678 3644 quo
706 3557 797 3624 facto
820 3557 991 3644 perlucida
1014 3580 1086 3624 essa
1109 3558 1282 3636 desinunt3
1306 3558 1415 3624 calore

283 3662 499 3749 liquescentis
524 3686 645 3751 aquam
668 3665 844 3731 exsudant.
888 3665 1060 3732 Carbones
1084 3665 1229 3731 natricus
1251 3665 1288 3730 in
1310 3687 1414 3751 aquae

282 3773 376 3853 parte
400 3772 451 3850 1,7
477 3772 630 3850 solvitur,
654 3771 689 3837 in
712 3773 835 3858 spiritu
858 3795 925 3838 non
948 3772 1100 3840 solvitur.

326 3875 496 3943 Carbones
526 3879 676 3945 natricus
697 3879 865 3943 flammam
887 3900 956 3943 non
978 3878 1144 3944 lucentem
1167 3879 1283 3944 statim
1305 3878 1416 3942 colore

282 3984 377 4049 valde
395 3985 485 4051 flavo
507 3985 631 4064 inficit3
652 3985 768 4051 addita
790 4008 886 4072 aqua,
912 3986 1074 4072 liquorem
1097 3986 1233 4070 praebet
1255 3983 1415 4049 alcalinae

230 4117 235 4126 ·
282 4091 466 4171 secationis,
492 4093 560 4178 qui,
585 4091 710 4158 additis
733 4091 847 4170 acidis,
860 4091 1267 4178 dioxydumcarbonioum
1280 4089 1415 4154 emittit.

328 4195 528 4266 Carbonatis
570 4199 693 4265 natrici
735 4221 886 4286 gramma
922 4203 950 4277 1,
986 4198 1110 4264 additis
1144 4197 1231 4265 acidi
1265 4193 1416 4263 tartarioi
