3584 5026
867 467 931 528 214

329 666 439 731 colore
473 662 623 729 caeruleo
656 659 783 739 leviter,
818 659 933 724 addita
966 681 1052 745 aqua
1086 658 1221 724 fortiter
1248 659 1460 723 fluorescunt.

330 771 457 838 Solutis
480 793 539 856 per
561 767 761 834 ammoniam
784 766 918 834 chinino
941 766 1100 845 liberatis,
1126 766 1235 851 liquor
1257 766 1375 842 clarus,
1404 785 1462 850 per

328 878 459 944 acidum
482 877 652 944 uitricum·
663 875 806 939 dilutum
818 874 933 940 acidus
944 873 1065 952 factus,
1080 873 1195 939 addito
1207 873 1331 939 nitrate
1343 894 1461 958 argen-

330 987 407 1063 tico,
432 985 686 1071 praecipitatum
709 982 822 1047 album
844 981 992 1067 deponit,
1016 981 1106 1068 quod
1129 981 1164 1044 in
1187 981 1354 1046 ammonia
1365 980 1461 1046 facile

332 1093 484 1158 solvitur.

376 1198 628 1284 Hydrochloras
659 1198 796 1266 Ohinini
818 1202 854 1267 in
878 1223 964 1288 aqua
986 1203 1149 1286 (1:50)
1172 1202 1311 1280 solutus,
1347 1200 1463 1266 addita

330 1309 506 1383 ammonia,
542 1307 798 1392 praecipitatum
828 1309 941 1374 album
971 1308 1127 1394 deponat,
1151 1308 1250 1394 quod,
1274 1308 1333 1373 ubi
1357 1309 1462 1372 mixta

329 1435 404 1480 cum
426 1414 560 1479 aethere
582 1420 858 1500 conquassantur,
884 1416 982 1501 plane
1005 1420 1197 1494 evanescat;
1211 1414 1462 1479 additonitrate

329 1519 491 1606 baryticO,
515 1542 557 1584 ne
578 1521 668 1585 intra
691 1522 792 1588 horae
815 1527 945 1608 partem
967 1523 1217 1608 sexagesimam,
1241 1521 1356 1586 addito
1368 1520 1462 1586 acido

331 1627 490 1694 sulfurico
513 1627 630 1706 diluta,
654 1649 863 1714 nequaquam
887 1628 1042 1693 turbetur
1063 1628 1239 1714 (barycm).

376 1733 658 1819 Hydrochloratis
690 1733 826 1800 Ohinini
848 1735 1119 1820 milligrammats
1143 1737 1207 1800 100
1230 1735 1266 1799 in
1288 1734 1374 1800 acidi
1397 1735 1463 1799 sul-

332 1840 430 1906 furici
454 1841 660 1906 centimetris
685 1841 809 1907 cubicis
833 1843 852 1906 2
877 1842 987 1907 soluta
1010 1847 1141 1907 tantum
1159 1841 1317 1920 subdam,
1330 1842 1365 1905 in
1377 1841 1462 1907 acidi

330 1948 440 2014 uitrici
476 1949 681 2014 centimetris
715 1948 839 2014 cubicis
877 1952 895 2012 2
927 1949 1039 2015 soluta
1067 1949 1189 2014 coloris
1219 1948 1290 2014 fere
1313 1948 1463 2034 expertia

331 2056 409 2121 sint.

377 2161 658 2247 Hydrochloratis
693 2160 829 2227 Chinini
864 2168 1051 2248 grammata
1081 2166 1100 2227 2
1131 2163 1166 2227 in
1200 2184 1305 2248 aquae
1338 2162 1463 2228 calidae

330 2269 536 2336 centimetris
566 2269 690 2335 cubicis
723 2272 765 2333 10
796 2270 907 2335 soluta
937 2271 966 2334 si
990 2270 1124 2336 sulfatis
1146 2271 1245 2336 kalici
1269 2269 1463 2355 milligram·

330 2375 430 2440 matis
466 2378 531 2441 550
554 2376 589 2440 in
609 2396 714 2462 aquae
738 2377 942 2442 centimetris
964 2377 1091 2444 cubicis
1114 2379 1136 2440 4
1158 2377 1277 2442 solutis
1300 2378 1407 2442 mixta
1430 2381 1464 2442 et

330 2487 521 2568 evaporata,
557 2505 604 2561 ea,
640 2505 725 2568 quae
759 2488 968 2570 supererunt,
992 2483 1027 2546 in
1062 2484 1233 2569 pulverem
1268 2484 1403 2549 redacta
1426 2488 1460 2548 et

330 2612 404 2656 cum
438 2612 543 2675 aquae
577 2589 783 2656 centimetris
818 2590 942 2656 cubicis
978 2593 1031 2669 20,
1066 2589 1259 2676 frequenter
1291 2595 1459 2676 quassata,

330 2720 390 2783 per
411 2697 513 2762 horae
536 2701 665 2783 partem
687 2696 860 2762 dimidiam
882 2697 1002 2762 caloris
1024 2695 1131 2782 gradu
1151 2697 1210 2762 60⁰
1224 2696 1267 2761 ad
1288 2699 1368 2761 65ΙΠΙΙ
1380 2696 1463 2762 cale-

329 2804 420 2870 facta
451 2810 559 2883 erunt,
591 2805 620 2871 si
649 2805 755 2869 mixte
777 2803 977 2890 refrigerata
1000 2810 1042 2882 et,
1074 2803 1268 2889 frequenter
1293 2807 1461 2888 quassata,

330 2933 390 2997 per
411 2911 512 2976 horas
537 2913 555 2974 2
578 2911 698 2977 caloris
720 2911 827 2996 gradu
852 2911 909 2976 15⁰
935 2915 1076 2989 retenta,
1108 2910 1250 2997 denique
1272 2931 1332 2996 per
1354 2911 1463 2975 lanam

330 3018 472 3083 vitream
484 3018 610 3083 filtrata
622 3024 729 3096 erunt,
746 3018 947 3083 filtratorum
959 3018 1157 3082 centimetra
1168 3017 1284 3084 cubica
1297 3020 1326 3096 5,
1339 3017 1462 3082 additis

329 3125 515 3190 ammoniae
534 3125 739 3191 centimetris
750 3126 875 3192 cubicis
888 3127 943 3204 4,5
955 3125 1074 3190 caloris
1086 3125 1211 3211 gradus
1225 3128 1265 3190 15
1273 3126 1289 3204 ¹,
1302 3125 1462 3210 liquorem

331 3232 513 3318 praebeant
536 3233 669 3298 clarum.

375 3338 629 3424 Hydrochloras
654 3338 800 3418 omnini,
825 3339 944 3404 caloris
968 3339 1074 3424 gradu
1099 3340 1179 3404 100⁰
1201 3339 1353 3416 siccatus,
1383 3359 1463 3423 pon-

331 3446 420 3510 deris
444 3451 556 3532 partes
580 3447 777 3512 centesimas
800 3469 841 3511 ne
865 3447 1063 3533 plusquam
1087 3449 1106 3511 9
1129 3447 1273 3512 amittat.

378 3553 631 3639 Hydrochloras
673 3553 810 3620 Chinini
849 3553 975 3618 chinini
1010 3559 1122 3639 partes
1155 3551 1352 3618 centesimas
1387 3550 1461 3628 81,7

336 3661 500 3726 continet.

374 3795 404 3858 Α
434 3794 528 3861 luce
559 3799 755 3861 remotus
787 3798 1001 3860 servetur.
