<?xml version="1.0" encoding="UTF-8"?>
<!DOCTYPE html PUBLIC "-//W3C//DTD XHTML 1.0 Transitional//EN"
    "http://www.w3.org/TR/xhtml1/DTD/xhtml1-transitional.dtd">
<html xmlns="http://www.w3.org/1999/xhtml" xml:lang="en" lang="en">
 <head>
  <title>
</title>
<meta http-equiv="Content-Type" content="text/html;charset=utf-8" />
  <meta name='ocr-system' content='tesseract 3.04.00' />
  <meta name='ocr-capabilities' content='ocr_page ocr_carea ocr_par ocr_line ocrx_word'/>
</head>
<body>
  <div class='ocr_page' id='page_1' title='image "./pharmocopoeaned00zakegoog_0051.png"; bbox 0 0 3466 5038; ppageno 0'>
   <div class='ocr_carea' id='block_1_1' title="bbox 909 571 950 633">
    <p class='ocr_par' dir='ltr' id='par_1_1' title="bbox 909 571 950 633">
     <span class='ocr_line' id='line_1_1' title="bbox 909 571 950 633; baseline 0 0"><span class='ocrx_word' id='word_1_1' title='bbox 909 571 950 633; x_wconf 80' lang='lat'><strong>20</strong></span> 
     </span>
    </p>
   </div>
   <div class='ocr_carea' id='block_1_2' title="bbox 364 765 1493 2130">
    <p class='ocr_par' dir='ltr' id='par_1_2' title="bbox 366 765 1493 942">
     <span class='ocr_line' id='line_1_2' title="bbox 409 765 1493 850; baseline -0.003 -18"><span class='ocrx_word' id='word_1_2' title='bbox 409 768 550 833; x_wconf 83' lang='lat' dir='ltr'><strong>Acidum</strong></span> <span class='ocrx_word' id='word_1_3' title='bbox 584 765 739 832; x_wconf 84' lang='lat' dir='ltr'><strong>uitricum</strong></span> <span class='ocrx_word' id='word_1_4' title='bbox 774 789 841 832; x_wconf 87' lang='lat' dir='ltr'><strong>nne</strong></span> <span class='ocrx_word' id='word_1_5' title='bbox 875 787 949 832; x_wconf 88' lang='lat' dir='ltr'><strong>cum</strong></span> <span class='ocrx_word' id='word_1_6' title='bbox 984 786 1086 849; x_wconf 89' lang='lat' dir='ltr'><strong>cupro</strong></span> <span class='ocrx_word' id='word_1_7' title='bbox 1121 765 1317 830; x_wconf 74' lang='lat' dir='ltr'><strong>calefactum</strong></span> <span class='ocrx_word' id='word_1_8' title='bbox 1352 787 1493 850; x_wconf 75' lang='lat' dir='ltr'>vapores</span> 
     </span>
     <span class='ocr_line' id='line_1_3' title="bbox 366 873 737 942; baseline -0.008 -2"><span class='ocrx_word' id='word_1_9' title='bbox 366 875 580 942; x_wconf 77' lang='lat' dir='ltr'><strong>fuscorubros</strong></span> <span class='ocrx_word' id='word_1_10' title='bbox 603 873 737 939; x_wconf 87' lang='lat' dir='ltr'><strong>emittit.</strong></span> 
     </span>
    </p>

    <p class='ocr_par' dir='ltr' id='par_1_3' title="bbox 365 979 1492 1174">
     <span class='ocr_line' id='line_1_4' title="bbox 409 979 1492 1064; baseline -0.002 -18"><span class='ocrx_word' id='word_1_11' title='bbox 409 981 551 1046; x_wconf 87' lang='lat' dir='ltr'><strong>Acidum</strong></span> <span class='ocrx_word' id='word_1_12' title='bbox 585 981 741 1045; x_wconf 88' lang='lat' dir='ltr'><strong>uitricum</strong></span> <span class='ocrx_word' id='word_1_13' title='bbox 770 981 937 1045; x_wconf 76' lang='lat' dir='ltr'><strong>emmonis</strong></span> <span class='ocrx_word' id='word_1_14' title='bbox 968 984 1255 1064; x_wconf 83' lang='lat' dir='ltr'><strong>supersetnrotum</strong></span> <span class='ocrx_word' id='word_1_15' title='bbox 1286 1002 1327 1044; x_wconf 93' lang='lat' dir='ltr'><strong>ne</strong></span> <span class='ocrx_word' id='word_1_16' title='bbox 1358 979 1492 1064; x_wconf 91' lang='lat' dir='ltr'><strong>sulpho-</strong></span> 
     </span>
     <span class='ocr_line' id='line_1_5' title="bbox 365 1086 1316 1174; baseline -0.001 -23"><span class='ocrx_word' id='word_1_17' title='bbox 365 1088 507 1174; x_wconf 87' lang='lat' dir='ltr'><strong>hydrete</strong></span> <span class='ocrx_word' id='word_1_18' title='bbox 530 1087 716 1152; x_wconf 85' lang='lat' dir='ltr'><strong>emmonico</strong></span> <span class='ocrx_word' id='word_1_19' title='bbox 739 1087 872 1172; x_wconf 89' lang='lat' dir='ltr'><strong>quidem</strong></span> <span class='ocrx_word' id='word_1_20' title='bbox 894 1086 1010 1151; x_wconf 82' lang='lat' dir='ltr'><strong>eddito</strong></span> <span class='ocrx_word' id='word_1_21' title='bbox 1033 1087 1176 1171; x_wconf 85' lang='lat' dir='ltr'><strong>speciem</strong></span> <span class='ocrx_word' id='word_1_22' title='bbox 1199 1091 1316 1152; x_wconf 87' lang='lat' dir='ltr'><strong>mutet.</strong></span> 
     </span>
    </p>

    <p class='ocr_par' dir='ltr' id='par_1_4' title="bbox 364 1192 1492 1385">
     <span class='ocr_line' id='line_1_6' title="bbox 409 1192 1492 1279; baseline -0.003 -19"><span class='ocrx_word' id='word_1_23' title='bbox 409 1195 549 1261; x_wconf 87' lang='lat' dir='ltr'><strong>Acidum</strong></span> <span class='ocrx_word' id='word_1_24' title='bbox 578 1195 735 1259; x_wconf 86' lang='lat' dir='ltr'><strong>uitricum</strong></span> <span class='ocrx_word' id='word_1_25' title='bbox 758 1216 863 1279; x_wconf 83' lang='lat' dir='ltr'><strong>equae</strong></span> <span class='ocrx_word' id='word_1_26' title='bbox 886 1192 1053 1258; x_wconf 87' lang='lat' dir='ltr'><strong>volumino</strong></span> <span class='ocrx_word' id='word_1_27' title='bbox 1077 1193 1262 1278; x_wconf 81' lang='lat' dir='ltr'><strong>quadruplo</strong></span> <span class='ocrx_word' id='word_1_28' title='bbox 1286 1194 1426 1257; x_wconf 84' lang='lat' dir='ltr'><strong>mixtum</strong></span> <span class='ocrx_word' id='word_1_29' title='bbox 1449 1215 1492 1257; x_wconf 91' lang='lat' dir='ltr'><strong>ne</strong></span> 
     </span>
     <span class='ocr_line' id='line_1_7' title="bbox 364 1299 1433 1385; baseline -0.004 -18"><span class='ocrx_word' id='word_1_30' title='bbox 364 1301 518 1368; x_wconf 88' lang='lat' dir='ltr'><strong>turbetur</strong></span> <span class='ocrx_word' id='word_1_31' title='bbox 540 1301 655 1366; x_wconf 74' lang='lat' dir='ltr'><strong>addito</strong></span> <span class='ocrx_word' id='word_1_32' title='bbox 679 1301 803 1366; x_wconf 89' lang='lat' dir='ltr'><strong>nitrote</strong></span> <span class='ocrx_word' id='word_1_33' title='bbox 826 1300 977 1385; x_wconf 82' lang='lat' dir='ltr'><strong>berytico</strong></span> <span class='ocrx_word' id='word_1_34' title='bbox 1000 1321 1084 1362; x_wconf 88' lang='lat' dir='ltr'><strong>neve</strong></span> <span class='ocrx_word' id='word_1_35' title='bbox 1108 1299 1231 1364; x_wconf 84' lang='lat' dir='ltr'><strong>nitretc</strong></span> <span class='ocrx_word' id='word_1_36' title='bbox 1254 1300 1433 1384; x_wconf 84' lang='lat' dir='ltr'><strong>urgentico.</strong></span> 
     </span>
    </p>

    <p class='ocr_par' dir='ltr' id='par_1_5' title="bbox 364 1406 1493 1806">
     <span class='ocr_line' id='line_1_8' title="bbox 409 1406 1492 1474; baseline -0.005 0"><span class='ocrx_word' id='word_1_37' title='bbox 409 1407 635 1474; x_wconf 85' lang='lat' dir='ltr'><strong>Chloroiormi</strong></span> <span class='ocrx_word' id='word_1_38' title='bbox 648 1408 880 1473; x_wconf 71' lang='lat' dir='ltr'>centimetrum</span> <span class='ocrx_word' id='word_1_39' title='bbox 904 1406 1054 1472; x_wconf 86' lang='lat' dir='ltr'><strong>cubicum</strong></span> <span class='ocrx_word' id='word_1_40' title='bbox 1070 1411 1085 1468; x_wconf 94' lang='grc'>1</span> <span class='ocrx_word' id='word_1_41' title='bbox 1100 1427 1174 1471; x_wconf 93' lang='lat' dir='ltr'><strong>cum</strong></span> <span class='ocrx_word' id='word_1_42' title='bbox 1187 1406 1282 1471; x_wconf 89' lang='lat' dir='ltr'><strong>Acidi</strong></span> <span class='ocrx_word' id='word_1_43' title='bbox 1294 1406 1405 1471; x_wconf 89' lang='lat' dir='ltr'><strong>nitrici</strong></span> <span class='ocrx_word' id='word_1_44' title='bbox 1417 1428 1492 1471; x_wconf 87' lang='lat' dir='ltr'><strong>cen-</strong></span> 
     </span>
     <span class='ocr_line' id='line_1_9' title="bbox 364 1513 1492 1599; baseline -0.002 -21"><span class='ocrx_word' id='word_1_45' title='bbox 364 1514 507 1579; x_wconf 88' lang='lat' dir='ltr'><strong>timetris</strong></span> <span class='ocrx_word' id='word_1_46' title='bbox 534 1513 658 1578; x_wconf 82' lang='lat' dir='ltr'><strong>cubicis</strong></span> <span class='ocrx_word' id='word_1_47' title='bbox 683 1517 701 1576; x_wconf 89' lang='lat'><strong>5</strong></span> <span class='ocrx_word' id='word_1_48' title='bbox 730 1519 764 1577; x_wconf 90' lang='lat' dir='ltr'><strong>et</strong></span> <span class='ocrx_word' id='word_1_49' title='bbox 790 1535 894 1598; x_wconf 84' lang='lat' dir='ltr'><strong>oqnoe</strong></span> <span class='ocrx_word' id='word_1_50' title='bbox 921 1513 1125 1578; x_wconf 90' lang='lat' dir='ltr'><strong>centimetris</strong></span> <span class='ocrx_word' id='word_1_51' title='bbox 1145 1513 1269 1578; x_wconf 84' lang='lat' dir='ltr'><strong>cubicis</strong></span> <span class='ocrx_word' id='word_1_52' title='bbox 1290 1517 1309 1580; x_wconf 85' lang='lat'>5</span> <span class='ocrx_word' id='word_1_53' title='bbox 1329 1535 1492 1599; x_wconf 83' lang='lat' dir='ltr'><strong>conquus-</strong></span> 
     </span>
     <span class='ocr_line' id='line_1_10' title="bbox 364 1619 1493 1705; baseline 0.001 -21"><span class='ocrx_word' id='word_1_54' title='bbox 364 1625 475 1685; x_wconf 85' lang='lat' dir='ltr'><strong>sotum</strong></span> <span class='ocrx_word' id='word_1_55' title='bbox 505 1643 546 1685; x_wconf 92' lang='lat' dir='ltr'><strong>ne</strong></span> <span class='ocrx_word' id='word_1_56' title='bbox 577 1642 663 1705; x_wconf 81' lang='lat' dir='ltr'><strong>oque</strong></span> <span class='ocrx_word' id='word_1_57' title='bbox 687 1619 963 1704; x_wconf 79' lang='lat' dir='ltr'><strong>hydrosulfirrete</strong></span> <span class='ocrx_word' id='word_1_58' title='bbox 982 1620 1114 1704; x_wconf 91' lang='lat' dir='ltr'><strong>quidem</strong></span> <span class='ocrx_word' id='word_1_59' title='bbox 1137 1621 1300 1685; x_wconf 81' lang='lat' dir='ltr'><strong>instillato</strong></span> <span class='ocrx_word' id='word_1_60' title='bbox 1327 1621 1493 1686; x_wconf 78' lang='lat' dir='ltr'><strong>coloretur</strong></span> 
     </span>
     <span class='ocr_line' id='line_1_11' title="bbox 364 1727 697 1806; baseline -0.009 -14"><span class='ocrx_word' id='word_1_61' title='bbox 364 1729 510 1806; x_wconf 80' lang='lat' dir='ltr'><strong>(acidum</strong></span> <span class='ocrx_word' id='word_1_62' title='bbox 531 1727 697 1806; x_wconf 82' lang='lat' dir='ltr'><strong>iudicum).</strong></span> 
     </span>
    </p>

    <p class='ocr_par' dir='ltr' id='par_1_6' title="bbox 364 1834 1493 2026">
     <span class='ocr_line' id='line_1_12' title="bbox 409 1834 1493 1900; baseline -0.001 -1"><span class='ocrx_word' id='word_1_63' title='bbox 409 1835 503 1900; x_wconf 87' lang='lat' dir='ltr'><strong>Acidi</strong></span> <span class='ocrx_word' id='word_1_64' title='bbox 538 1834 649 1898; x_wconf 86' lang='lat' dir='ltr'><strong>uitrici</strong></span> <span class='ocrx_word' id='word_1_65' title='bbox 679 1834 875 1898; x_wconf 86' lang='lat' dir='ltr'><strong>centimetre</strong></span> <span class='ocrx_word' id='word_1_66' title='bbox 898 1834 1013 1899; x_wconf 85' lang='lat' dir='ltr'><strong>cubico</strong></span> <span class='ocrx_word' id='word_1_67' title='bbox 1037 1838 1056 1898; x_wconf 90' lang='lat'>5</span> <span class='ocrx_word' id='word_1_68' title='bbox 1080 1842 1118 1899; x_wconf 90' lang='lat' dir='ltr'><strong>ut</strong></span> <span class='ocrx_word' id='word_1_69' title='bbox 1141 1835 1291 1898; x_wconf 77' lang='lat' dir='ltr'><strong>neutrius</strong></span> <span class='ocrx_word' id='word_1_70' title='bbox 1314 1835 1493 1899; x_wconf 85' lang='lat' dir='ltr'><strong>reuctionis</strong></span> 
     </span>
     <span class='ocr_line' id='line_1_13' title="bbox 364 1940 1401 2026; baseline 0 -21"><span class='ocrx_word' id='word_1_71' title='bbox 364 1941 442 2018; x_wconf 87' lang='lat' dir='ltr'><strong>sint,</strong></span> <span class='ocrx_word' id='word_1_72' title='bbox 466 1941 561 2006; x_wconf 85' lang='lat' dir='ltr'><strong>elceli</strong></span> <span class='ocrx_word' id='word_1_73' title='bbox 584 1940 742 2004; x_wconf 80' lang='lat' dir='ltr'><strong>normulis</strong></span> <span class='ocrx_word' id='word_1_74' title='bbox 764 1941 961 2005; x_wconf 86' lang='lat' dir='ltr'><strong>centimetre</strong></span> <span class='ocrx_word' id='word_1_75' title='bbox 984 1941 1099 2006; x_wconf 80' lang='lat' dir='ltr'><strong>cubica</strong></span> <span class='ocrx_word' id='word_1_76' title='bbox 1123 1943 1198 2018; x_wconf 61' lang='lat'><strong>522</strong></span> <span class='ocrx_word' id='word_1_77' title='bbox 1221 1941 1401 2026; x_wconf 80' lang='lat' dir='ltr'><strong>requirunt.</strong></span> 
     </span>
    </p>

    <p class='ocr_par' dir='ltr' id='par_1_7' title="bbox 410 2049 1052 2130">
     <span class='ocr_line' id='line_1_14' title="bbox 410 2049 1052 2130; baseline -0.002 -17"><span class='ocrx_word' id='word_1_78' title='bbox 410 2049 439 2113; x_wconf 89' lang='lat' dir='ltr'>A</span> <span class='ocrx_word' id='word_1_79' title='bbox 470 2049 564 2113; x_wconf 93' lang='lat' dir='ltr'><strong>luce</strong></span> <span class='ocrx_word' id='word_1_80' title='bbox 596 2053 806 2130; x_wconf 87' lang='lat' dir='ltr'><strong>remotum</strong></span> <span class='ocrx_word' id='word_1_81' title='bbox 837 2052 1052 2112; x_wconf 87' lang='lat' dir='ltr'><strong>servetur.</strong></span> 
     </span>
    </p>
   </div>
   <div class='ocr_carea' id='block_1_3' title="bbox 468 2428 1306 2526">
    <p class='ocr_par' dir='ltr' id='par_1_8' title="bbox 468 2428 1306 2526">
     <span class='ocr_line' id='line_1_15' title="bbox 468 2428 1306 2526; baseline 0.001 -1"><span class='ocrx_word' id='word_1_82' title='bbox 468 2428 517 2525; x_wconf 73' lang='lat'><strong>·†</strong></span> <span class='ocrx_word' id='word_1_83' title='bbox 550 2430 759 2524; x_wconf 72' lang='lat' dir='ltr'><strong>Aridum</strong></span> <span class='ocrx_word' id='word_1_84' title='bbox 795 2431 1039 2524; x_wconf 74' lang='lat' dir='ltr'><strong>turicum</strong></span> <span class='ocrx_word' id='word_1_85' title='bbox 1075 2432 1306 2526; x_wconf 75' lang='lat' dir='ltr'><strong>cnutum.</strong></span> 
     </span>
    </p>
   </div>
   <div class='ocr_carea' id='block_1_4' title="bbox 606 2607 1227 2694">
    <p class='ocr_par' dir='ltr' id='par_1_9' title="bbox 606 2607 1227 2694">
     <span class='ocr_line' id='line_1_16' title="bbox 606 2607 1227 2694; baseline 0 -21"><span class='ocrx_word' id='word_1_86' title='bbox 606 2607 747 2673; x_wconf 88' lang='lat' dir='ltr'><strong>Acidum</strong></span> <span class='ocrx_word' id='word_1_87' title='bbox 770 2608 927 2674; x_wconf 86' lang='lat' dir='ltr'><strong>uitricum</strong></span> <span class='ocrx_word' id='word_1_88' title='bbox 950 2609 1227 2694; x_wconf 76' lang='lat' dir='ltr'><strong>quadrinormele.</strong></span> 
     </span>
    </p>
   </div>
   <div class='ocr_carea' id='block_1_5' title="bbox 364 2749 1572 3478">
    <p class='ocr_par' dir='ltr' id='par_1_10' title="bbox 364 2749 1572 3051">
     <span class='ocr_line' id='line_1_17' title="bbox 411 2749 1572 2837; baseline 0 -23"><span class='ocrx_word' id='word_1_89' title='bbox 411 2749 512 2814; x_wconf 85' lang='lat' dir='ltr'><strong>Misce</strong></span> <span class='ocrx_word' id='word_1_90' title='bbox 536 2749 677 2815; x_wconf 87' lang='lat' dir='ltr'><strong>Acidnm</strong></span> <span class='ocrx_word' id='word_1_91' title='bbox 700 2751 856 2816; x_wconf 88' lang='lat' dir='ltr'><strong>uitricum</strong></span> <span class='ocrx_word' id='word_1_92' title='bbox 880 2773 985 2837; x_wconf 76' lang='lat' dir='ltr'><strong>equae</strong></span> <span class='ocrx_word' id='word_1_93' title='bbox 1005 2756 1100 2817; x_wconf 80' lang='lat' dir='ltr'><strong>tante</strong></span> <span class='ocrx_word' id='word_1_94' title='bbox 1112 2753 1307 2837; x_wconf 76' lang='lat' dir='ltr'><strong>quontitate,</strong></span> <span class='ocrx_word' id='word_1_95' title='bbox 1321 2759 1359 2817; x_wconf 90' lang='lat' dir='ltr'><strong>ut</strong></span> <span class='ocrx_word' id='word_1_96' title='bbox 1371 2755 1491 2818; x_wconf 86' lang='lat' dir='ltr'><strong>mixto·</strong></span> <span class='ocrx_word' id='word_1_97' title='bbox 1567 2803 1572 2814; x_wconf 93' lang='lat'>.</span> 
     </span>
     <span class='ocr_line' id='line_1_18' title="bbox 364 2857 1488 2944; baseline 0.004 -24"><span class='ocrx_word' id='word_1_98' title='bbox 364 2879 437 2921; x_wconf 90' lang='lat' dir='ltr'><strong>rum</strong></span> <span class='ocrx_word' id='word_1_99' title='bbox 471 2857 669 2922; x_wconf 81' lang='lat' dir='ltr'><strong>centimetre</strong></span> <span class='ocrx_word' id='word_1_100' title='bbox 702 2858 818 2923; x_wconf 80' lang='lat' dir='ltr'><strong>cubica</strong></span> <span class='ocrx_word' id='word_1_101' title='bbox 855 2862 905 2937; x_wconf 88' lang='grc'><strong>10,</strong></span> <span class='ocrx_word' id='word_1_102' title='bbox 937 2881 1002 2944; x_wconf 92' lang='lat' dir='ltr'><strong>quo</strong></span> <span class='ocrx_word' id='word_1_103' title='bbox 1033 2859 1185 2924; x_wconf 76' lang='lat' dir='ltr'><strong>neutrius</strong></span> <span class='ocrx_word' id='word_1_104' title='bbox 1208 2860 1386 2925; x_wconf 83' lang='lat' dir='ltr'><strong>reectionis</strong></span> <span class='ocrx_word' id='word_1_105' title='bbox 1410 2860 1488 2936; x_wconf 88' lang='lat' dir='ltr'><strong>sint,</strong></span> 
     </span>
     <span class='ocr_line' id='line_1_19' title="bbox 364 2964 1267 3051; baseline 0.003 -24"><span class='ocrx_word' id='word_1_106' title='bbox 364 2964 459 3028; x_wconf 84' lang='lat' dir='ltr'><strong>alcnli</strong></span> <span class='ocrx_word' id='word_1_107' title='bbox 482 2965 640 3030; x_wconf 85' lang='lat' dir='ltr'><strong>normulis</strong></span> <span class='ocrx_word' id='word_1_108' title='bbox 663 2965 860 3031; x_wconf 84' lang='lat' dir='ltr'><strong>centimetre</strong></span> <span class='ocrx_word' id='word_1_109' title='bbox 882 2965 998 3030; x_wconf 83' lang='lat' dir='ltr'><strong>cubica</strong></span> <span class='ocrx_word' id='word_1_110' title='bbox 1021 2968 1064 3029; x_wconf 85' lang='lat'><strong>40</strong></span> <span class='ocrx_word' id='word_1_111' title='bbox 1086 2967 1267 3051; x_wconf 83' lang='lat' dir='ltr'><strong>requirent.</strong></span> 
     </span>
    </p>

    <p class='ocr_par' dir='ltr' id='par_1_11' title="bbox 364 3071 1488 3265">
     <span class='ocr_line' id='line_1_20' title="bbox 409 3071 1488 3157; baseline 0.001 -22"><span class='ocrx_word' id='word_1_112' title='bbox 409 3071 506 3151; x_wconf 78' lang='lat' dir='ltr'><strong>Quod</strong></span> <span class='ocrx_word' id='word_1_113' title='bbox 526 3076 563 3136; x_wconf 88' lang='lat' dir='ltr'><strong>ut</strong></span> <span class='ocrx_word' id='word_1_114' title='bbox 587 3073 654 3150; x_wconf 85' lang='lat' dir='ltr'><strong>fiet,</strong></span> <span class='ocrx_word' id='word_1_115' title='bbox 680 3094 764 3157; x_wconf 88' lang='lat' dir='ltr'><strong>opus</strong></span> <span class='ocrx_word' id='word_1_116' title='bbox 787 3079 839 3138; x_wconf 87' lang='lat' dir='ltr'><strong>est</strong></span> <span class='ocrx_word' id='word_1_117' title='bbox 862 3073 958 3137; x_wconf 89' lang='lat' dir='ltr'><strong>Acidi</strong></span> <span class='ocrx_word' id='word_1_118' title='bbox 981 3073 1091 3138; x_wconf 92' lang='lat' dir='ltr'><strong>nitrici</strong></span> <span class='ocrx_word' id='word_1_119' title='bbox 1114 3074 1309 3157; x_wconf 78' lang='lat' dir='ltr'><strong>grammatic</strong></span> <span class='ocrx_word' id='word_1_120' title='bbox 1334 3075 1430 3150; x_wconf 79' lang='lat'>504,4</span> <span class='ocrx_word' id='word_1_121' title='bbox 1453 3073 1488 3136; x_wconf 92' lang='lat' dir='ltr'><strong>in</strong></span> 
     </span>
     <span class='ocr_line' id='line_1_21' title="bbox 364 3179 1290 3265; baseline 0.002 -24"><span class='ocrx_word' id='word_1_122' title='bbox 364 3179 544 3243; x_wconf 88' lang='lat' dir='ltr'><strong>mixtorum</strong></span> <span class='ocrx_word' id='word_1_123' title='bbox 566 3180 799 3245; x_wconf 73' lang='lat' dir='ltr'><strong>centimetrum</strong></span> <span class='ocrx_word' id='word_1_124' title='bbox 822 3179 1012 3244; x_wconf 88' lang='lat' dir='ltr'><strong>cubicorum</strong></span> <span class='ocrx_word' id='word_1_125' title='bbox 1036 3180 1168 3265; x_wconf 82' lang='lat' dir='ltr'><strong>singule</strong></span> <span class='ocrx_word' id='word_1_126' title='bbox 1190 3179 1290 3244; x_wconf 81' lang='lat' dir='ltr'><strong>milio.</strong></span> 
     </span>
    </p>

    <p class='ocr_par' dir='ltr' id='par_1_12' title="bbox 364 3286 1489 3478">
     <span class='ocr_line' id='line_1_22' title="bbox 409 3286 1489 3372; baseline 0.002 -23"><span class='ocrx_word' id='word_1_127' title='bbox 409 3286 533 3370; x_wconf 90' lang='lat' dir='ltr'><strong>Liquor</strong></span> <span class='ocrx_word' id='word_1_128' title='bbox 555 3286 674 3350; x_wconf 90' lang='lat' dir='ltr'><strong>coloris</strong></span> <span class='ocrx_word' id='word_1_129' title='bbox 698 3307 825 3370; x_wconf 87' lang='lat' dir='ltr'><strong>expers,</strong></span> <span class='ocrx_word' id='word_1_130' title='bbox 850 3286 966 3362; x_wconf 77' lang='lat' dir='ltr'><strong>cleron,</strong></span> <span class='ocrx_word' id='word_1_131' title='bbox 988 3287 1299 3372; x_wconf 82' lang='lat' dir='ltr'><strong>ponderisspecitici</strong></span> <span class='ocrx_word' id='word_1_132' title='bbox 1313 3289 1419 3364; x_wconf 88' lang='lat'>1‚133‚</span> <span class='ocrx_word' id='word_1_133' title='bbox 1433 3288 1489 3371; x_wconf 89' lang='lat' dir='ltr'><strong>qui</strong></span> 
     </span>
     <span class='ocr_line' id='line_1_23' title="bbox 364 3391 1478 3478; baseline 0.001 -23"><span class='ocrx_word' id='word_1_134' title='bbox 364 3391 469 3456; x_wconf 90' lang='lat' dir='ltr'><strong>isdem</strong></span> <span class='ocrx_word' id='word_1_135' title='bbox 494 3391 650 3476; x_wconf 73' lang='lat' dir='ltr'><strong>puritatis</strong></span> <span class='ocrx_word' id='word_1_136' title='bbox 671 3392 799 3477; x_wconf 80' lang='lat' dir='ltr'><strong>legibus</strong></span> <span class='ocrx_word' id='word_1_137' title='bbox 819 3392 1007 3458; x_wconf 81' lang='lat' dir='ltr'><strong>satisfaciet</strong></span> <span class='ocrx_word' id='word_1_138' title='bbox 1026 3393 1156 3478; x_wconf 85' lang='lat' dir='ltr'><strong>quibus,</strong></span> <span class='ocrx_word' id='word_1_139' title='bbox 1169 3393 1309 3458; x_wconf 88' lang='lat' dir='ltr'><strong>Acidum</strong></span> <span class='ocrx_word' id='word_1_140' title='bbox 1322 3393 1478 3458; x_wconf 82' lang='lat' dir='ltr'><strong>uitricum</strong></span> 
     </span>
    </p>
   </div>
   <div class='ocr_carea' id='block_1_6' title="bbox 408 3758 1362 4022">
    <p class='ocr_par' dir='ltr' id='par_1_13' title="bbox 408 3758 1362 4022">
     <span class='ocr_line' id='line_1_24' title="bbox 590 3758 1262 3878; baseline 0 -27"><span class='ocrx_word' id='word_1_141' title='bbox 590 3758 799 3851; x_wconf 69' lang='lat' dir='ltr'><strong>unicum</strong></span> <span class='ocrx_word' id='word_1_142' title='bbox 850 3758 1262 3878; x_wconf 74' lang='lat' dir='ltr'><strong>phosphoricum.</strong></span> 
     </span>
     <span class='ocr_line' id='line_1_25' title="bbox 408 3933 1362 4022; baseline 0.001 -23"><span class='ocrx_word' id='word_1_143' title='bbox 408 3933 532 4020; x_wconf 87' lang='lat' dir='ltr'><strong>Liquor</strong></span> <span class='ocrx_word' id='word_1_144' title='bbox 554 3940 713 4001; x_wconf 80' lang='lat' dir='ltr'><strong>constans</strong></span> <span class='ocrx_word' id='word_1_145' title='bbox 738 3935 860 4022; x_wconf 66' lang='lat' dir='ltr'><strong>H3PO⁴</strong></span> <span class='ocrx_word' id='word_1_146' title='bbox 885 3935 1035 4020; x_wconf 84' lang='lat' dir='ltr'><strong>pertibus</strong></span> <span class='ocrx_word' id='word_1_147' title='bbox 1060 3939 1100 4000; x_wconf 84' lang='lat'><strong>25</strong></span> <span class='ocrx_word' id='word_1_148' title='bbox 1125 3941 1159 4000; x_wconf 88' lang='lat' dir='ltr'><strong>et</strong></span> <span class='ocrx_word' id='word_1_149' title='bbox 1181 3957 1286 4020; x_wconf 77' lang='lat' dir='ltr'><strong>oquae</strong></span> <span class='ocrx_word' id='word_1_150' title='bbox 1311 3941 1362 4000; x_wconf 81' lang='lat'><strong>75.</strong></span> 
     </span>
    </p>
   </div>
   <div class='ocr_carea' id='block_1_7' title="bbox 366 4076 1491 4377">
    <p class='ocr_par' dir='ltr' id='par_1_14' title="bbox 366 4076 1491 4377">
     <span class='ocr_line' id='line_1_26' title="bbox 410 4076 1491 4163; baseline -0.001 -21"><span class='ocrx_word' id='word_1_151' title='bbox 410 4077 534 4162; x_wconf 89' lang='lat' dir='ltr'><strong>Liquor</strong></span> <span class='ocrx_word' id='word_1_152' title='bbox 555 4079 676 4143; x_wconf 91' lang='lat' dir='ltr'><strong>coloris</strong></span> <span class='ocrx_word' id='word_1_153' title='bbox 700 4084 734 4143; x_wconf 90' lang='lat' dir='ltr'><strong>et</strong></span> <span class='ocrx_word' id='word_1_154' title='bbox 764 4079 877 4143; x_wconf 88' lang='lat' dir='ltr'><strong>odoris</strong></span> <span class='ocrx_word' id='word_1_155' title='bbox 901 4099 1028 4163; x_wconf 82' lang='lat' dir='ltr'><strong>expers,</strong></span> <span class='ocrx_word' id='word_1_156' title='bbox 1052 4079 1170 4154; x_wconf 80' lang='lat' dir='ltr'><strong>clerus,</strong></span> <span class='ocrx_word' id='word_1_157' title='bbox 1196 4077 1320 4142; x_wconf 81' lang='lat' dir='ltr'><strong>acidus.</strong></span> <span class='ocrx_word' id='word_1_158' title='bbox 1357 4076 1491 4141; x_wconf 90' lang='lat' dir='ltr'><strong>Pondus</strong></span> 
     </span>
     <span class='ocr_line' id='line_1_27' title="bbox 366 4185 685 4269; baseline 0.006 -21"><span class='ocrx_word' id='word_1_159' title='bbox 366 4185 553 4269; x_wconf 84' lang='lat' dir='ltr'><strong>specificum</strong></span> <span class='ocrx_word' id='word_1_160' title='bbox 579 4189 685 4262; x_wconf 88' lang='lat'>1,153.</span> 
     </span>
     <span class='ocr_line' id='line_1_28' title="bbox 410 4289 1490 4377; baseline -0.003 -21"><span class='ocrx_word' id='word_1_161' title='bbox 410 4291 550 4356; x_wconf 84' lang='lat' dir='ltr'><strong>Acidum</strong></span> <span class='ocrx_word' id='word_1_162' title='bbox 559 4292 826 4377; x_wconf 84' lang='lat' dir='ltr'><strong>phosphoricum‚</strong></span> <span class='ocrx_word' id='word_1_163' title='bbox 838 4313 896 4376; x_wconf 88' lang='lat' dir='ltr'><strong>per</strong></span> <span class='ocrx_word' id='word_1_164' title='bbox 904 4292 999 4356; x_wconf 83' lang='lat' dir='ltr'><strong>alceli</strong></span> <span class='ocrx_word' id='word_1_165' title='bbox 1007 4294 1158 4356; x_wconf 89' lang='lat' dir='ltr'><strong>neutrius</strong></span> <span class='ocrx_word' id='word_1_166' title='bbox 1166 4292 1344 4356; x_wconf 88' lang='lat' dir='ltr'><strong>reectionis</strong></span> <span class='ocrx_word' id='word_1_167' title='bbox 1352 4289 1490 4366; x_wconf 83' lang='lat' dir='ltr'><strong>iactum,</strong></span> 
     </span>
    </p>
   </div>
   <div class='ocr_carea' id='block_1_8' title="bbox 0 0 1738 5038">
    <p class='ocr_par' dir='ltr' id='par_1_15' title="bbox 0 0 1738 5038">
     <span class='ocr_line' id='line_1_29' title="bbox 0 0 1738 5038; baseline 0 0"><span class='ocrx_word' id='word_1_168' title='bbox 0 0 1738 5038; x_wconf 95' lang='lat' dir='ltr'><strong> </strong></span> 
     </span>
    </p>
   </div>
  </div>
 </body>
</html>
