3582 5034
865 502 927 564 341

329 695 411 760 atim
447 693 585 780 positae.
621 693 741 760 Fibrae
769 693 898 782 longae,
923 696 1058 781 paulum
1080 697 1297 782 pachytichae
1320 697 1461 782 vaginae

329 801 563 867 fasciculorum
586 821 752 868 vasorum.
776 801 863 867 Vasa
884 801 1031 868 retiiera.

374 907 467 972 Odor
488 908 706 988 aromaticus3
731 929 830 995 sapor
851 929 962 974 urens.

372 1015 578 1080 Rhizomatis
601 1016 786 1102 Zingiberis
810 1015 919 1102 pulvis
941 1016 1187 1101 quodammodo
1210 1018 1395 1095 cohaereat,
1424 1017 1460 1081 in

328 1143 414 1206 aqua
436 1120 679 1208 submergatur.

371 1229 579 1293 Rhizomatis
602 1229 788 1314 Zingiberis
811 1230 957 1314 pulveris
980 1229 1174 1314 grammatis
1194 1231 1215 1292 4
1235 1230 1462 1315 cumspiritus

328 1335 533 1400 centimetris
567 1337 691 1401 cubicis
728 1338 791 1400 100
825 1359 885 1423 per
919 1339 1036 1400 horam
1074 1341 1089 1400 1
1127 1337 1295 1402 concoctis
1319 1342 1361 1414 et,
1386 1359 1461 1401 cum

326 1441 531 1520 refrixerint,
563 1443 685 1528 spiritu
714 1448 896 1529 evaporato
926 1443 969 1507 ad
994 1443 1086 1528 prius
1116 1443 1273 1518 volumen
1297 1443 1460 1529 supplete,

328 1571 452 1626 eorum,
466 1570 550 1635 quae
573 1549 613 1614 de
637 1549 838 1614 filtratorum
856 1549 1062 1615 centimetris
1076 1550 1200 1614 cubicis
1214 1550 1255 1616 75
1272 1549 1462 1635 evaporatis

328 1660 537 1740 supererunt,
569 1656 689 1722 caloris
716 1657 823 1742 gradu
844 1659 925 1722 100⁰
947 1657 1147 1723 siccatorum
1171 1657 1303 1742 pondus
1326 1657 1372 1722 sit
1395 1678 1461 1721 non

327 1762 438 1827 minus
459 1784 559 1852 quam
583 1761 891 1848 milligrammatum
917 1766 991 1828 180.

373 1868 579 1934 Rhizomatis
609 1870 796 1955 Zingiberis
827 1871 937 1955 pulvis
961 1871 1155 1936 combustus
1178 1871 1299 1935 cineris
1321 1892 1364 1934 ne
1387 1871 1462 1956 plus

326 1997 427 2062 quam
450 1981 561 2062 partes
591 1977 789 2042 centesimas
816 1980 836 2041 8
857 1977 1041 2063 relinquat;
1065 1977 1159 2043 cuius
1181 1977 1301 2044 cineris
1325 1977 1462 2044 dimidia

328 2103 405 2168 pars
427 2083 463 2147 in
485 2104 571 2168 aqua
593 2083 745 2149 solubilis
768 2083 822 2149 sit.

793 2309 997 2323 *un-uu·—

695 2493 795 2587 Rob
829 2493 1087 2614 iuniperi.

373 2670 520 2736 Infimde
542 2692 602 2756 per
624 2669 725 2735 horae
748 2676 878 2756 partem
901 2670 1074 2736 dimidiam

426 2782 1179 2856 rmctuumlunlpericontusorumpartes
1200 2780 1374 2855 triginta
1425 2779 1464 2837 30

429 2884 542 2946 Aquas
571 2877 758 2953 partibus
784 2877 1004 2952 nonaginta
1037 2919 1365 2936 .........
1424 2875 1463 2933 90

371 2973 509 3040 Infusas
539 2996 598 3060 por
629 2975 728 3039 horas
753 2977 794 3038 12
818 2996 951 3060 sepone,
975 2975 1056 3053 cola,
1081 2975 1239 3059 exprime.

374 3081 440 3146 Fac
461 3081 571 3166 liquor
592 3102 652 3166 per
674 3080 850 3145 nonnullas
867 3082 967 3145 horas
979 3080 1120 3157 desidat,
1133 3102 1200 3164 quo
1212 3079 1303 3146 facto
1315 3080 1461 3144 defunde

330 3193 362 3253 et
384 3189 420 3252 in
444 3209 483 3252 eo
507 3188 599 3252 solve

425 3300 576 3353 sacchar!
604 3301 739 3371 partes
766 3293 895 3351 decem
916 3339 1366 3354 ............
1427 3293 1464 3352 10

372 3393 413 3458 In
437 3393 554 3458 balneo
576 3413 680 3478 aquae
704 3413 849 3478 evapora
870 3393 913 3457 ad
937 3393 1189 3478 spissitudinem
1212 3392 1332 3457 mellis.

371 3497 446 3564 Rob
468 3499 617 3584 Iuniperi
640 3504 692 3564 est
714 3499 834 3564 coloris
857 3499 953 3577 fusci,
979 3499 1108 3584 saporis
1131 3499 1321 3577 aromatici3
1346 3497 1461 3562 addita

328 3628 414 3692 aqua
436 3607 606 3692 (1:10),
630 3606 792 3692 liquorem
816 3606 953 3692 praebet
976 3606 1158 3670 turbidum.

372 3711 504 3778 Oineris
526 3710 600 3777 Rob
617 3711 767 3798 Iuniperi
785 3713 981 3797 grammatis
999 3716 1015 3775 1
1030 3733 1104 3777 cum
1117 3711 1203 3776 acidi
1215 3710 1462 3798 hydrochlorici

327 3819 425 3883 diluti
451 3819 658 3884 centimetris
682 3818 806 3883 cubicis
827 3821 919 3902 3per
930 3820 1032 3883 horae
1043 3824 1172 3904 partem
1185 3817 1426 3904 sexagesimam
1441 3821 1458 3879 1

328 3927 476 3991 concocti
505 3925 631 3991 filtrate
661 3947 720 4010 per
749 3923 880 3990 acidum
911 3923 1228 4008 hydrosulfiiricum
1257 3945 1299 3987 ne
1321 3923 1460 3986 acetatis

328 4032 447 4098 notrici
469 4033 666 4119 grammatis
690 4035 708 4095 2
732 4030 865 4117 quidem
886 4030 1005 4096 deinde
1017 4031 1151 4108 additis,
1164 4030 1307 4116 speciem
1319 4031 1459 4094 mutent.

799 4237 1000 4253 m
