3584 5026
886 526 949 588 189

390 725 531 790 Galbani
566 723 676 809 pulvis
703 722 898 788 combustus
924 719 1044 786 cineris
1071 743 1113 785 ne
1144 720 1341 805 plusquam
1364 725 1477 806 partes

346 831 543 898 centesimas
567 833 587 894 8
604 829 786 915 relinquat.

391 939 468 1004 Per
498 939 659 1005 calcem
690 936 832 1002 vivam
863 934 1136 1000 servandum.

810 1141 1012 1154 ——---——

728 1282 779 1380 -Ι-
812 1283 1017 1378 Gallae.

390 1447 552 1510 Tumores
574 1446 632 1531 qui
656 1467 716 1531 per
737 1445 841 1510 ictum
861 1444 1016 1520 inmotae,
1038 1443 1092 1510 cui
1112 1464 1234 1507 nomen
1255 1447 1306 1508 est
1327 1441 1478 1527 Cynips

347 1552 498 1618 Gallae
521 1552 764 1617 tinctorias
785 1551 897 1628 OL1v.‚
926 1550 1094 1616 exsistunt
1126 1550 1160 1614 in
1175 1549 1277 1614 ramis
1292 1549 1478 1615 iunioribus

345 1681 430 1747 qnos
460 1659 528 1724 fert
560 1658 755 1739 Quercus
787 1658 1040 1736 lusitanice,
1076 1659 1163 1723 Lau.
1200 1657 1336 1743 Encycl.
1360 1658 1388 1721 I.
1414 1658 1478 1723 719

347 1767 417 1831 sive
442 1766 636 1846 Quercus
667 1764 922 1842 insertoris,
948 1764 1049 1829 0n1v.
1073 1765 1157 1850 Voy.
1172 1764 1277 1842 Atlas,
1299 1770 1339 1830 tt.
1355 1766 1405 1842 14,
1426 1769 1477 1828 15.

390 1909 554 1974 Globosae
573 1908 627 1972 vel
638 1907 837 1992 piriformes,
858 1907 1026 1972 interdum
1039 1906 1302 1984 brevieaudatae,
1315 1906 1478 1971 diametro

345 2015 537 2101 plerumque
560 2015 792 2080 centimetrum
816 2016 845 2092 2,
870 2035 1040 2099 nunquam
1063 2014 1138 2099 plus
1157 2035 1256 2099 quam
1270 2016 1332 2092 2,5,
1346 2033 1478 2077 sursum

346 2129 440 2188 acute
476 2122 644 2208 gibbosas,
677 2142 805 2206 graves¹
832 2121 959 2186 coloris
989 2121 1076 2185 clare
1099 2120 1154 2184 vel
1177 2120 1317 2185 obscure
1341 2119 1477 2185 olivaoei

347 2229 399 2293 vel
432 2229 580 2306 violacei,
615 2228 708 2292 intus
738 2228 850 2304 durae,
883 2227 1017 2304 solidae,
1050 2228 1179 2311 griseae
1202 2227 1245 2291 ad
1268 2225 1390 2292 fuscas.
1436 2226 1477 2290 In

288 2374 292 2380 »
346 2335 454 2400 media
483 2335 580 2400 Galla
610 2355 728 2400 cavum
761 2340 813 2399 est
835 2333 1016 2398 obductum
1040 2334 1107 2398 tela
1129 2334 1214 2412 laxa,
1239 2333 1478 2398 circumdatum

346 2447 452 2508 strato
479 2440 671 2507 cellularum
693 2440 949 2518 sclerotiearum‚
975 2441 1011 2503 in
1034 2460 1099 2525 quo
1123 2461 1221 2526 saepe
1244 2439 1401 2525 reliquiae
1425 2440 1477 2504 vel

346 2547 439 2612 larva
461 2545 593 2633 eynipis
615 2547 747 2612 adsunt.
780 2545 893 2610 Gallae
916 2546 1038 2631 partim
1060 2546 1250 2631 perforatae
1273 2567 1346 2611 esse
1369 2546 1479 2611 solent

346 2677 366 2719 a
388 2655 508 2740 eynipe
532 2653 688 2731 avolanti,
712 2653 800 2717 unde
822 2653 911 2717 inira
930 2652 1093 2718 toramine
1112 2653 1268 2731 rotundo,
1289 2653 1479 2719 millimetra

348 2759 416 2825 iere
440 2763 461 2824 3
483 2761 553 2825 lato
577 2760 759 2826 instructae
783 2766 871 2836 sunt,
895 2759 984 2845 quod
1008 2759 1051 2823 ad
1073 2781 1191 2825 cavum
1214 2759 1355 2825 interius
1375 2759 1476 2825 ducit.

391 2867 525 2932 Satisne
548 2866 633 2932 acidi
657 2867 782 2932 tannici
805 2867 841 2929 in
864 2866 968 2930 Gallis
990 2866 1081 2944 insit,
1117 2867 1166 2931 ita
1188 2866 1365 2932 statuitur:
1402 2865 1477 2931 Gal-

346 2972 452 3037 larum
486 2972 614 3038 decocti
647 2974 680 3054 (1
697 2999 730 3032 =
745 2973 825 3055 200)
858 2973 1055 3038 centimetra
1083 2973 1199 3039 cubica
1221 2980 1361 3039 centena
1382 2975 1478 3058 (100)

348 3077 486 3143 infunde
516 3079 552 3143 in
582 3079 665 3142 duas
696 3077 841 3163 lagenas,
874 3101 957 3164 quae
980 3081 1177 3145 centimetra
1200 3080 1316 3145 cubica
1337 3085 1478 3144 centana

346 3185 463 3250 vicena
496 3186 599 3271 quina
631 3187 727 3268 (125)
761 3186 932 3250 continere
967 3186 1114 3271 possint;
1150 3187 1200 3264 iis,
1244 3207 1328 3272 quas
1359 3186 1478 3271 lagena

347 3293 453 3358 altera
494 3293 654 3370 continet,
689 3292 814 3357 additis
848 3293 943 3376 pellis
974 3293 1122 3378 pulveris
1152 3292 1259 3358 abluti
1293 3300 1327 3358 at
1361 3293 1475 3358 siccati

346 3401 541 3484 grammatis
565 3403 594 3476 5,
619 3400 755 3485 lagenas
785 3398 959 3464 obturatas
990 3421 1049 3485 per
1079 3401 1178 3464 horne
1211 3399 1479 3486 assequentes

348 3526 517 3590 quassans,
542 3527 674 3590 sepone.
698 3505 828 3570 Deinde
850 3507 1025 3592 utriusque
1046 3507 1186 3592 liquoris
1209 3529 1269 3592 per
1286 3507 1376 3570 filtra
1391 3528 1478 3572 oom-

347 3613 470 3697 plieata
480 3614 553 3698 pari
565 3613 727 3678 diametro
739 3614 935 3678 centimetra
946 3614 1062 3680 cubica
1074 3614 1282 3693 40deiunde3
1299 3618 1478 3699 utrumque

347 3720 507 3785 filtratum
541 3741 695 3804 evapom,
731 3720 850 3785 caloris
884 3720 990 3804 gradu
1026 3722 1106 3785 100ο
1139 3721 1235 3798 sicea,
1277 3720 1478 3806 refrigerata

349 3827 504 3911 pondera.
529 3826 680 3891 Pondera
692 3848 816 3906 eorum,
829 3827 966 3913 quaeda
978 3829 1256 3914 utroqueliltrato
1269 3833 1475 3912 supererunt,

349 3953 389 3998 ne
411 3933 521 3997 minus
544 3955 643 4019 quam
666 3933 935 4018 milligrammata
960 3936 1023 3998 120
1046 3933 1211 3998 differant.

391 4039 432 4104 In
464 4038 562 4104 India
585 4039 828 4106 Nederlandioa
850 4040 915 4104 alia
937 4040 1106 4105 Gallarum
1129 4061 1252 4126 genera
1275 4038 1342 4104 illie
1364 4037 1477 4103 oblata

349 4143 497 4208 adhiberi
521 4145 607 4223 licet,
632 4143 811 4211 dummodo
834 4144 920 4211 acidi
943 4145 1069 4212 tannici
1092 4145 1174 4210 satis
1197 4142 1401 4210 contineant.
