3582 5034
887 528 952 590 345

721 719 750 817 S
771 722 1043 816 acclaru
1064 749 1115 814 m.

821 897 1019 986 OIRHROH·

396 1041 597 1106 Saccharum
638 1046 817 1127 purgatum
851 1042 1124 1127 (saccharosum),
1161 1045 1315 1126 paratum
1351 1062 1369 1104 e
1405 1061 1485 1105 suco

351 1147 472 1212 radicis
502 1170 601 1234 quam
633 1148 771 1234 praebet
802 1149 948 1214 varietas
980 1149 1114 1214 Betae
1145 1146 1357 1233 vulgaris,
1383 1147 1484 1211 LINN.

352 1253 409 1338 Sp.
434 1255 482 1319 Pl.
508 1257 581 1332 222,
604 1257 659 1320 vel
682 1279 699 1320 e
724 1277 803 1320 suco
822 1256 926 1320 caulis
947 1277 1043 1342 quem
1064 1255 1203 1340 praebet
1222 1254 1485 1320 Saccharum

352 1361 651 1440 officinarum,
677 1363 778 1428 LINN.
803 1363 861 1449 Sp.
888 1364 936 1427 Pl.
963 1365 1015 1427 54.

395 1520 517 1586 Frusta
539 1521 624 1597 alba,
650 1521 845 1606 crystallina
865 1522 918 1585 vel
935 1519 1094 1606 crystalla
1106 1524 1271 1606 separata,
1285 1519 1485 1584 monoclinia

350 1628 404 1691 vel
427 1649 542 1692 eorum
565 1627 684 1713 pulvis.
710 1629 823 1693 Pulvis
848 1629 1007 1693 Sacchari
1031 1629 1076 1693 sit
1098 1627 1205 1706 albus,
1229 1627 1346 1705 siccus,
1372 1626 1484 1691 odoris

353 1756 481 1819 expers.

396 1841 608 1918 Saccharum,
643 1841 679 1905 in
703 1864 790 1928 aqua
814 1844 932 1926 (1:2)
953 1842 1109 1920 solutum,
1135 1842 1180 1906 sit
1205 1841 1340 1926 sirupus
1363 1841 1482 1918 clarus,

350 1949 469 2014 coloris
511 1971 638 2034 expers,
675 1950 805 2035 saporis
839 1971 921 2034 pure
956 1948 1071 2026 dulcis,
1107 1948 1258 2013 neutrius
1293 1947 1482 2025 reactionis,

350 2057 470 2134 tenuis,
495 2079 513 2120 e
537 2078 602 2142 quo
622 2057 768 2143 seposito
780 2057 864 2120 nihil
876 2055 1061 2121 secernitur
1072 2055 1202 2142 quique,
1217 2054 1334 2120 addito
1346 2055 1483 2140 spiritus

350 2163 424 2247 pari
448 2163 625 2241 volumine,
650 2163 757 2230 mixta
779 2164 917 2248 praebet
940 2164 1038 2228 clara.

395 2270 597 2336 Succharum
619 2271 655 2334 in
679 2292 766 2356 aqua
785 2273 925 2355 (1:10)
940 2270 1096 2347 solutum,
1109 2269 1226 2334 addito
1245 2269 1341 2334 acido
1359 2267 1483 2354 hydro-

350 2375 518 2456 sulfurice,
547 2377 689 2462 speciem
712 2400 755 2443 ne
778 2382 894 2456 mutet,
919 2377 1082 2463 liquorem
1105 2376 1258 2461 Fehlingi
1282 2375 1418 2441 omnino
1440 2398 1483 2441 ne

348 2483 486 2549 reducat
507 2490 566 2549 aut
588 2485 735 2550 minime.

394 2589 594 2657 Saccharum
617 2591 725 2678 gradu
748 2592 868 2657 caloris
893 2593 973 2656 105⁰
995 2592 1155 2657 siccatum
1178 2589 1336 2675 ponderis
1355 2590 1484 2675 neplus

349 2697 482 2762 amittet
505 2720 604 2784 quam
627 2703 756 2785 partem
779 2700 993 2764 centesimam
1019 2703 1048 2777 l,
1072 2698 1282 2764 combustum
1306 2697 1426 2762 cineris
1441 2718 1484 2760 ne

348 2803 422 2887 plus
441 2826 540 2890 quam
559 2806 665 2892 partis
683 2807 883 2872 centesimae
895 2811 1025 2891 partem
1036 2806 1198 2871 decimam
1209 2807 1294 2888 (0,1)
1305 2805 1483 2890 relinquet.

820 3139 1024 3151 u————-—t=-

626 3422 965 3520 Sacctarum
1001 3423 1205 3517 lactis.

764 3599 959 3687 012322011·
985 3600 1076 3686 HcO·

394 3763 593 3829 Saccharum
616 3762 808 3846 (lactosum)
829 3784 849 3827 e
872 3783 946 3827 sero
969 3762 1064 3828 lactis
1087 3761 1242 3826 vaccinae
1265 3766 1429 3847 peratum.

393 3923 506 3988 Pulvis
525 3923 630 4002 albus,
652 3922 764 3988 odoris
775 3944 903 4009 expers,
916 3922 1032 4009 digitis
1043 3942 1178 3988 sensum
1189 3942 1309 3986 arenae
1320 3920 1480 3998 excitans,

349 4029 476 4114 saporis
499 4028 669 4095 subdulcis
692 4029 745 4092 vel
767 4028 911 4114 cylindri
933 4029 1026 4114 apice
1048 4028 1164 4093 conice
1183 4027 1237 4091 vcl
1248 4031 1360 4092 crusta
1371 4047 1482 4091 crassa

348 4135 403 4199 vel
420 4135 572 4215 laminae,
585 4157 670 4221 quae
682 4136 794 4200 omnia
805 4140 960 4200 constant
971 4135 1138 4221 crystallis
1148 4135 1278 4213 albidis,
1292 4132 1480 4219 perlucidis,

346 4241 524 4322 rhombos,
549 4241 675 4321 solidis,
699 4243 802 4321 duris,
826 4241 914 4306 inter
935 4242 1053 4309 dentes
1075 4241 1306 4308 stridentibus.
