3584 5026
862 492 927 554 213

373 685 624 770 Hydroohloros
657 684 901 771 Apomorphini
933 685 968 749 in
1002 705 1089 769 eque
1111 685 1145 768 (1
1165 710 1198 743 =
1218 685 1296 766 100)
1319 684 1459 762 solutus,

326 792 441 858 addito
478 793 659 858 corbonete
696 792 834 871 netrioo,
874 791 1129 878 praecipitatum
1166 791 1278 856 elbum
1311 791 1458 876 deponit,

326 899 415 984 quod
443 921 519 964 uere
552 920 632 964 mox
664 898 809 978 virescit,
845 899 949 964 stite
972 898 1081 964 colore
1104 897 1251 963 violaceo
1274 897 1309 962 in
1332 897 1461 964 chloro·

325 1005 435 1072 formo
458 1007 609 1071 solvitur.

372 1113 624 1199 Hydroehlorss
658 1112 900 1198 Apomorphini
933 1113 969 1176 in
1002 1133 1089 1197 eque
1122 1113 1307 1196 (1:100)
1330 1113 1460 1177 solutus

324 1220 476 1284 neut1ius
508 1219 697 1298 relectionis,
733 1220 851 1298 clerus,
886 1220 1008 1285 eoloris
1042 1239 1160 1304 expers
1183 1218 1228 1284 sit
1251 1219 1304 1284 vel
1328 1223 1459 1284 tentum

326 1326 517 1393 subviridis.

369 1434 496 1499 Aether
518 1437 552 1498 et
573 1433 835 1499 chloroiormum
848 1455 923 1500 eum
934 1433 1204 1519 Hydroohloruto
1216 1433 1458 1518 Apomorphini

325 1545 547 1627 conquassate
569 1562 612 1605 ne
633 1541 836 1607 colorentur.

371 1647 623 1733 Hydroohloras
658 1647 903 1733 Apomorphini
934 1649 1130 1714 combustus
1165 1649 1247 1712 nihil
1282 1648 1458 1733 relinquet.

370 1773 400 1836 Α
431 1771 526 1837 luce
556 1776 749 1837 remotus
781 1777 995 1837 servetur.

322 1898 436 1957 Doses
457 1896 639 1957 maximae
660 1896 819 1972 singulae
841 1897 1177 1974 milllgrammatum
1199 1900 1245 1960 10.

322 1996 434 2055 Doses
462 1997 642 2055 maximae
670 1995 708 2054 in
736 1994 843 2056 horas
871 1998 1015 2056 vicenas
1037 2000 1228 2071 quaternas
1250 1997 1461 2072 milllgram-

364 2095 503 2152 matum
524 2091 573 2154 50.

370 2207 664 2273 Inieotionum
689 2209 1055 2274 subcutaneerum

324 2333 436 2392 Doses
461 2333 640 2392 maximae
664 2333 824 2410 singulae
846 2333 1181 2411 milllgrammatum
1204 2335 1251 2396 10.

324 2430 436 2490 Doses
467 2431 645 2491 maximae
677 2432 714 2490 ln
745 2433 852 2492 horas
872 2434 1016 2493 vicenas
1038 2436 1227 2507 quaternas
1249 2432 1462 2508 milligrsm-

364 2531 502 2589 matum
521 2528 561 2591 25

570 3145 963 3265 Hydroetlorss
996 3143 1219 3240 ttinini.

673 3319 1110 3408 c„s„u,0,.soi.2s,0.

372 3461 541 3548 Grystolls
563 3463 684 3529 oolon's
707 3465 867 3550 expertis,
891 3465 1008 3544 nitide,
1033 3466 1159 3531 acubus
1182 3464 1312 3542 similia,
1334 3463 1463 3549 soporis

326 3571 439 3648 emori,
464 3592 548 3656 quse
572 3572 733 3639 oslsfeots
756 3577 829 3639 toto
839 3573 1090 3639 comburuntur.
1117 3572 1371 3659 Hydroohloras
1384 3569 1463 3636 Chi-

325 3676 396 3740 nini
419 3677 455 3741 in
466 3698 573 3762 eques
583 3679 735 3764 pertibus
749 3682 823 3758 29‚9
836 3685 870 3745 et
882 3681 916 3744 in
929 3680 1068 3767 spiritus
1079 3681 1232 3766 pertibus
1243 3681 1298 3757 0,8
1310 3677 1462 3743 solvitur.

372 3783 624 3869 Hydroehloras
648 3785 785 3851 Ohinini
808 3789 844 3853 in
867 3809 954 3873 eque
976 3789 1132 3872 (1:50)
1155 3785 1287 3851 solutus
1309 3783 1462 3850 neutrius

326 3891 503 3956 rosetionis
522 3897 575 3957 est
585 3893 639 3957 vel
650 3893 769 3959 leviter
780 3894 955 3974 eloelinee,
969 3896 1154 3960 solutorum
1167 3898 1284 3979 guttae
1296 3895 1326 3969 2,
1339 3889 1464 3955 additis

326 4017 431 4082 squue
464 4000 670 4065 centimetris
703 4002 829 4067 cubicis
864 4007 894 4080 5,
929 4024 1034 4088 eques
1068 4002 1238 4068 ehloretss
1265 3997 1463 4064 centimetro

242 4195 245 4200 Ι
326 4103 441 4169 eubioo
463 4109 492 4184 l,
505 4105 625 4172 deinde
637 4109 823 4174 emmoniae
835 4109 942 4194 guttis
956 4113 985 4188 5,
998 4110 1161 4195 liquorem
1172 4107 1309 4184 olorum,
1323 4100 1464 4168 viridem

328 4210 502 4293 praebent;
524 4213 647 4280 edditis
667 4215 753 4280 soidi
765 4215 917 4281 sulfulioi
930 4215 1029 4281 diluti
1041 4216 1148 4302 guttis
1161 4213 1338 4288 nonnullis,
1352 4206 1465 4272 soluts
