3584 5026
873 509 935 570 226

384 701 515 768 Solutio
526 723 641 767 recens
653 701 742 766 facta
754 723 813 785 per
824 722 945 786 aquam
957 705 1094 778 coctam,
1108 699 1225 765 deinde
1237 699 1468 786 refrigeratam

338 811 500 895 (1:20),
518 809 629 894 amylo
647 829 762 873 recens
782 808 892 872 soluto
910 806 1050 873 etacido
1062 807 1223 873 sulfurico
1235 807 1340 872 diluto
1352 807 1467 886 mixta,

337 917 427 981 iutra
461 917 562 980 horae
595 919 724 1002 partem
759 915 949 980 vicesimam
971 936 1014 980 ne
1036 915 1203 979 coloretur
1224 915 1355 998 (iodrw).

381 1022 492 1088 lodeti
513 1022 633 1087 nutrici
655 1021 924 1107 milligrammata
948 1023 1011 1085 250
1023 1021 1059 1084 in
1070 1022 1255 1086 ammoniae
1265 1021 1470 1086 centimetn's

338 1129 461 1195 cubicis
493 1133 545 1208 2‚5
568 1129 689 1207 soluta,
714 1128 872 1193 admixtis
894 1128 1030 1193 nitratis
1052 1129 1215 1214 argentici
1237 1127 1468 1194 ‹iecinormalis

338 1237 541 1302 centimetris
571 1237 694 1302 cubicis
726 1236 776 1314 17,
808 1237 942 1314 filtrata‚
962 1258 1022 1322 per
1043 1234 1174 1302 acidum
1196 1235 1353 1300 uitricum
1375 1233 1469 1300 acida

338 1343 436 1422 facta,
460 1344 692 1409 tantummodo
715 1345 834 1438 leviter
851 1345 935 1409 fiant
946 1344 1079 1430 opalina
1090 1343 1248 1427 (chloreta
1259 1349 1289 1406 et
1301 1341 1467 1426 cometa),

337 1473 380 1515 ne
402 1451 593 1536 nigrescant
615 1451 828 1539 (thioculfae).

382 1557 537 1622 Iodetum
560 1558 734 1636 natricum,
758 1559 878 1623 caloris
901 1557 1008 1644 gradu
1022 1559 1101 1622 1000
1126 1558 1294 1634 siccatum,
1312 1555 1469 1642 ponderis

338 1684 381 1726 ne
403 1663 478 1749 plus
500 1685 600 1750 quam
622 1669 752 1750 partem
774 1665 989 1730 centesimam
1014 1669 1030 1729 1
1056 1666 1201 1730 amittet.

384 1770 414 1833 A
447 1770 541 1835 luce
573 1777 784 1838 remotum
819 1779 1031 1837 servetur.

884 2376 912 2441 Ι.

384 2519 547 2584 Lamellse
570 2540 589 2582 e
611 2519 721 2605 griseo
742 2519 867 2604 nigrae,
887 2519 1008 2583 nitoris
1027 2519 1191 2596 metallici,
1206 2519 1318 2622 ofloris
1331 2519 1466 2604 proprii,

337 2627 525 2704 rhombeue‚
548 2647 632 2712 quae
655 2626 721 2690 iam
740 2625 807 2689 leni
825 2625 933 2690 calore
956 2626 992 2688 in
1014 2646 1155 2711 vapores
1167 2623 1331 2691 violaceas
1343 2627 1468 2691 abeunt

338 2736 493 2817 totaeque
523 2737 734 2797 evanescunt.
781 2730 913 2795 lodium
948 2731 1089 2796 solvitur
1122 2732 1158 2795 in
1184 2753 1288 2816 cquae
1322 2731 1467 2816 partium

338 2837 409 2903 fere
432 2839 565 2904 milibus
589 2841 608 2902 5
632 2845 667 2903 et
696 2838 731 2902 in
762 2838 900 2923 spiritus
934 2839 1086 2924 partibus
1115 2841 1199 2917 10,4,
1224 2837 1321 2904 facile
1355 2844 1468 2904 autem

337 2943 372 3008 in
395 2946 538 3022 aethere,
562 2944 598 3008 in
620 2942 855 3022 chloroiorm0‚
879 2945 915 3009 in
936 2945 1050 3010 iodeto
1073 2946 1182 3010 kalico
1201 2946 1334 3031 ineque
1346 2946 1466 3011 solute.

338 3051 493 3116 Solutum
515 3051 551 3115 in
574 3051 708 3115 aethere
730 3051 784 3116 vel
806 3052 843 3116 in
865 3053 979 3118 iodeto
1002 3053 1111 3118 kalico
1131 3053 1241 3118 soluto
1260 3051 1466 3131 luscumest,

337 3157 372 3221 in
395 3157 620 3222 chloroformo
643 3157 836 3223 violaceum.

382 3265 479 3351 Aqua
511 3285 587 3329 cum
620 3263 716 3329 lodie
750 3271 972 3352 conquassata
1002 3265 1201 3330 solutionem
1232 3265 1333 3351 amyli
1357 3267 1467 3332 colore

337 3371 487 3435 caeruleo
509 3370 624 3435 inficit.

381 3477 495 3562 Aquce
525 3478 757 3542 centimetrum
788 3479 980 3544 cubicorum
1005 3482 1046 3543 20
1069 3500 1144 3543 cum
1166 3479 1254 3544 lodii
1277 3479 1467 3566 milligram·

337 3583 437 3648 matis
472 3586 537 3648 500
571 3605 631 3670 per
664 3585 765 3649 horae
796 3592 925 3671 partem
949 3585 1148 3652 tricesimam
1170 3592 1467 3673 conquassatorum

336 3689 462 3755 filtrata
492 3697 624 3757 tantum
655 3691 841 3757 subflavida
871 3693 940 3758 sint
969 3690 1467 3778 (101);qu0rumfi1trat0rum

334 3796 531 3861 centimetra
554 3797 669 3862 cubica
693 3802 722 3875 5,
744 3820 804 3883 per
826 3797 1056 3864 thiosullatem
1080 3799 1244 3864 natricum
1267 3798 1466 3875 decolorata,

335 3903 459 3968 additis
471 3902 604 3969 sullatis
615 3902 737 3969 terrosi
747 3905 1024 3991 milligrammatis
1035 3908 1077 3970 50
1086 3912 1120 3970 et
1131 3906 1306 3971 solutionis
1315 3905 1468 3990 hydratis

337 4010 458 4075 nutrici
490 4011 598 4098 guttis
629 4015 658 4088 5,
690 4010 851 4076 calefacta
880 4018 915 4077 et
937 4033 997 4098 per
1023 4012 1153 4078 acidum
1176 4011 1466 4097 hydrochloricum

337 4115 481 4182 dilutum
503 4118 597 4183 acida
619 4117 719 4196 lacta,
743 4139 785 4181 ne
806 4119 974 4184 virescant
991 4141 1075 4184 neve
1090 4120 1240 4185 caerulea
1251 4119 1335 4185 fiant
1345 4117 1466 4203 (ICN).

381 4221 468 4287 Iodii
490 4224 759 4311 milligrammata
783 4227 847 4289 200
865 4247 940 4291 cum
959 4226 1062 4292 iodeti
1077 4227 1177 4292 kalici
1192 4224 1467 4316 milligrammatis
