3530 5026
855 506 917 571 107

320 701 401 768 iacti
431 723 529 786 seepe
559 701 717 786 reliquiae
747 701 949 785 cylindrioac
971 701 1061 786 styli.
1097 699 1295 786 Superficies
1317 701 1449 767 corticis

319 809 463 874 exterior
481 807 726 894 quodammodo
741 829 859 893 aspera
869 807 1103 893 iniquitatibus
1116 807 1238 892 parvis,
1250 807 1449 872 rubrolusee

319 916 372 980 vel
412 913 605 982 flavofusca.
651 914 849 999 Superficies
889 913 1031 979 interior
1070 913 1168 991 flava,
1209 914 1373 999 imprimis
1413 915 1448 978 in

318 1027 412 1106 parte
440 1021 611 1106 superiore
642 1021 753 1086 cristis
782 1021 965 1086 introrsum
997 1020 1271 1105 prominentibus,
1298 1020 1449 1105 reliquiis

317 1134 508 1213 saeptorum
519 1137 554 1192 et
566 1127 810 1212 placentorum3
827 1127 928 1193 etiam
941 1127 1092 1213 vestigiis
1104 1127 1267 1192 seminum
1278 1127 1449 1212 impressis

318 1241 389 1300 tota
399 1234 508 1299 divisa
518 1235 554 1299 in
567 1235 693 1300 loculos
704 1234 952 1319 quadrangulos
963 1233 1006 1299 ad
1018 1234 1228 1320 sexangulos,
1241 1234 1448 1319 marginibus

317 1341 423 1408 acutis
445 1341 535 1406 inter
556 1363 592 1406 se
614 1346 796 1426 separatos,
821 1341 942 1427 quibus
958 1341 993 1405 in
1005 1341 1157 1427 vestigiis
1168 1341 1338 1426 impressis
1350 1362 1448 1426 saepe

317 1449 440 1534 passim
463 1447 608 1526 seminc;
639 1447 789 1514 fracture
811 1468 936 1533 aspere,
962 1469 1114 1534 granose,
1139 1447 1248 1512 colore
1271 1447 1359 1512 flavo
1381 1469 1448 1532 quo

316 1561 367 1622 est
389 1553 509 1620 sulfur.

361 1661 454 1726 Odor
475 1662 604 1740 nullus3
629 1683 729 1747 sapor
750 1661 848 1726 valde
871 1660 1094 1747 adstringens.

360 1769 413 1832 Ad
436 1790 534 1833 usum
556 1768 683 1833 semina
704 1774 948 1836 removeantur.

772 2009 974 2020 --—.-

568 2157 619 2254 ÷
652 2158 838 2254 cortex
876 2158 1103 2253 transii.

361 2353 487 2420 Cortex
516 2353 637 2418 radicis
668 2359 701 2418 et
735 2353 850 2437 stirpis
883 2374 968 2438 quoe
992 2353 1129 2439 praebet
1160 2353 1321 2418 Punica
1350 2353 1446 2419 Gra-

314 2467 470 2540 natum,
495 2459 595 2525 LINN.
620 2459 677 2545 Sp.
702 2459 750 2524 Pl.
775 2460 850 2525 472.

360 2621 485 2688 Cortex
506 2620 644 2686 radicis:
669 2619 780 2686 frusta
801 2621 1029 2698 canaliculete
1052 2621 1220 2686 interdum
1244 2621 1327 2686 satis
1346 2621 1447 2706 plana

315 2729 442 2795 iormae
475 2729 722 2793 diversissimae
756 2732 790 2792 et
816 2728 971 2806 enormis,
995 2728 1049 2792 vel
1071 2727 1160 2807 tubi3
1183 2728 1381 2794 centimetra
1402 2725 1445 2791 ad

315 2837 333 2902 7
366 2837 475 2923 longa,
507 2835 576 2900 lata
601 2835 799 2900 centimetra
821 2833 863 2899 ad
889 2837 951 2912 25,
976 2835 1099 2900 cortice
1120 2857 1233 2902 crasso
1255 2834 1447 2898 millimetrs

312 2942 357 3007 ad
380 2945 418 3021 33
441 2943 526 3007 dura
547 2947 581 3006 et
605 2940 748 3029 fragilia.
769 2941 967 3026 Superficies
986 2942 1133 3008 exterior
1150 2941 1342 3019 flavofinea,
1363 2963 1445 3006 non-

312 3050 414 3114 nullis
448 3050 530 3116 locis
565 3053 672 3114 strato
707 3048 847 3114 subereo
880 3049 1108 3135 desquemato,
1139 3049 1228 3114 unde
1259 3047 1445 3114 frustorum

313 3157 476 3221 maiorum
495 3155 686 3241 superficies
704 3155 819 3241 iniqua
839 3161 907 3234 est3
931 3161 1039 3222 strato
1058 3156 1199 3221 suberco
1213 3156 1344 3233 abraso,
1357 3155 1445 3219 clere

311 3261 417 3340 fusca,
431 3284 499 3329 non
510 3262 641 3328 viridia.
655 3262 853 3347 Superfieies
864 3263 1005 3328 interior
1016 3262 1123 3349 magis
1136 3262 1332 3340 subflavida,
1346 3283 1445 3346 saepe

311 3369 405 3434 striis
427 3368 564 3436 directis
586 3368 708 3434 coloris
732 3368 1064 3455 obscurioris,espera
1087 3374 1225 3456 propter
1247 3369 1444 3434 eminentias

310 3477 449 3541 striatas
468 3498 599 3562 quoque
617 3476 771 3541 directas.
800 3475 926 3543 Cortex
937 3483 1128 3542 transverse
1140 3481 1311 3562 persectus
1323 3476 1445 3561 pallide

311 3582 430 3660 flavus,
453 3584 609 3670 ambigue
631 3584 778 3649 tenuiter
799 3583 956 3650 radiatim
979 3586 1127 3652 strictus.
1152 3585 1313 3650 Fractura
1336 3589 1444 3648 trans·

311 3709 409 3754 versa
440 3688 562 3775 pallide
592 3711 610 3754 e
639 3689 735 3756 fusco
765 3689 863 3768 flere,
894 3713 1008 3777 aequa,
1033 3712 1100 3756 non
1122 3691 1239 3769 nitida,
1264 3689 1442 3756 farinacea.

356 3793 482 3861 Cortex
503 3795 658 3881 stirpium
679 3801 713 3862 et
735 3817 920 3863 remorum:
944 3797 1017 3863 tubi
1029 3797 1212 3864 crebriores
1222 3817 1323 3883 quam
1334 3795 1445 3860 frusto

310 3901 541 3980 canaliculato,
577 3904 772 3969 centimetre
801 3903 843 3968 ed
877 3909 917 3968 15
941 3905 1042 3990 longi.
1076 3904 1274 3989 Superfieies
1297 3902 1445 3966 exterior

234 4033 240 4042 ·
310 4007 527 4093 griseoiuscu,
563 4031 622 4095 per
651 4010 895 4098 longitudinem
917 4033 1049 4097 rugosa,
1074 4011 1188 4077 multis
1209 4008 1385 4075 lentiocllis
1408 4008 1443 4072 in

310 4113 554 4200 longitudinem
588 4119 743 4195 extentis,
779 4139 878 4204 saepe
913 4121 1093 4185 enormiter
1124 4118 1160 4182 in
1188 4115 1361 4182 ordinibus
1385 4135 1444 4199 per

310 4221 554 4308 longitudinem
589 4225 717 4310 positis,
752 4224 956 4304 flavofuscis‚
981 4226 1174 4312 plerumque
1197 4225 1272 4310 plus
1295 4221 1445 4286 minusve
