3584 5026
868 467 931 530 256

377 660 514 726 Nitritis
537 661 694 746 aethylici
717 683 791 726 oum
816 661 945 746 Spiritu
967 661 1164 726 centimetro
1184 662 1301 727 cubico
1316 667 1331 726 1
1347 663 1465 728 solutis

298 819 301 827 .
332 766 466 832 sulfatis
500 765 621 831 ferrosi
649 767 929 853 milligrammatis
962 771 1027 832 500
1050 768 1084 831 in
1108 768 1194 833 acidi
1219 768 1464 854 hydrochlorici

330 873 535 940 centimetris
558 874 682 939 cubicis
706 878 725 938 5
750 875 931 960 prudenter
951 874 1218 960 superimposito,
1232 880 1375 940 stratum
1388 897 1465 941 con-

330 982 396 1046 fine
419 986 471 1046 est
493 980 735 1046 viridifuseum.

375 1087 485 1153 Nitris
507 1089 693 1173 aethylicus
716 1109 791 1153 cum
814 1087 944 1173 Spiritu
966 1088 1118 1153 neutrius
1140 1088 1320 1152 reoctionis
1343 1089 1389 1154 sit
1411 1089 1465 1153 vel

331 1202 399 1262 tam
432 1196 552 1260 leviter
585 1195 708 1273 acidae,
744 1199 781 1258 ut
811 1195 1044 1260 centimetrum
1067 1195 1219 1260 cubicum
1246 1199 1261 1258 1
1288 1216 1347 1280 per
1369 1195 1464 1261 alcali

330 1302 489 1367 normalis
512 1307 644 1386 guttam
670 1306 685 1365 1
710 1302 890 1366 reaetionis
912 1301 1072 1366 aloalinae
1095 1301 1164 1365 fiat.

374 1407 512 1474 Nitritis
534 1408 692 1494 aethylici
715 1430 790 1473 cum
814 1408 944 1494 Spiritu
959 1408 1156 1472 centimetra
1168 1407 1285 1471 cubica
1297 1411 1327 1484 5,
1340 1429 1463 1472 ammo-

330 1517 405 1580 niae
427 1516 632 1581 centimetris
655 1515 779 1580 cubicis
804 1518 823 1578 2
843 1515 958 1592 mixta,
972 1513 1095 1578 additis
1114 1513 1320 1578 centimetris
1340 1514 1464 1578 cubicis

333 1625 351 1686 2
386 1621 570 1687 solutorum
605 1621 685 1686 iodii
720 1623 825 1706 partis
858 1626 875 1685 1
909 1626 943 1685 et
965 1620 1067 1685 iodeti
1090 1619 1192 1684 kalici
1215 1619 1359 1704 partium
1385 1620 1463 1683 2111

331 1751 435 1814 aquae
468 1728 674 1793 centimetris
704 1727 828 1793 cubicis
854 1731 904 1806 17,
929 1728 1184 1813 praecipitatum
1206 1729 1339 1812 nigrum
1363 1728 1462 1813 depo-

332 1841 426 1912 nunt,
450 1835 539 1920 quod
562 1856 631 1899 non
654 1834 760 1900 multo
783 1841 860 1920 post
879 1855 994 1899 rursus
1010 1834 1162 1899 solvitur.
1186 1833 1329 1919 Insuper
1340 1835 1463 1900 additis

332 1942 511 2006 eorundem
533 1942 720 2006 solutorum
741 1942 947 2006 centimetris
966 1940 1090 2006 cubicis
1111 1944 1129 2003 2
1150 1940 1203 2006 vel
1224 1947 1318 2006 tanto
1339 1942 1462 2006 maiore

330 2049 519 2134 quantitate
550 2054 588 2113 ut
610 2049 678 2113 leni
700 2049 809 2113 calore
832 2049 970 2134 liquoris
993 2047 1085 2113 color
1107 2047 1251 2112 fluvidus
1275 2054 1460 2126 evanescat,

330 2156 457 2242 liquore
490 2155 699 2240 refrigerato,
723 2157 882 2240 crystalla
904 2155 1084 2220 iodoformi
1106 2161 1184 2240 post
1208 2156 1309 2219 horae
1332 2161 1461 2240 partem

331 2287 371 2328 ne
394 2265 564 2330 dimidiam
587 2265 720 2351 quidem
744 2263 945 2329 exstiterint.

375 2370 512 2436 Nitritis
535 2371 693 2457 aethylici
717 2376 880 2456 quantum
903 2370 938 2433 in
962 2368 1089 2453 liquore
1113 2369 1203 2444 insit,
1224 2369 1273 2433 ita
1285 2368 1460 2433 statuitur:

330 2477 467 2543 Nitritis
498 2478 658 2564 aethylici
686 2500 761 2544 cum
790 2476 920 2562 Spiritu
942 2475 1139 2540 centimetra
1158 2474 1274 2539 cubica
1307 2475 1461 2539 1061116-

328 2584 412 2650 16116
439 2585 540 2649 kalici
563 2586 598 2649 in
621 2607 707 2670 aqua
730 2588 763 2668 (1
783 2611 816 2644 =
835 2586 891 2666 20)
915 2581 1017 2647 soluti
1040 2581 1246 2647 centimetris
1270 2580 1395 2646 cubicis
1421 2586 1460 2646 15

329 2697 363 2756 et
397 2692 483 2757 acidi
517 2692 629 2757 uitrici
663 2691 867 2757 centimetris
901 2689 1025 2756 cubicis
1061 2688 1205 2753 5misce
1228 2687 1321 2751 etin
1344 2688 1463 2772 lagena

328 2798 448 2876 6161166,
473 2820 712 2885 nonnunquam
734 2819 906 2883 quassans
931 2818 991 2882 per
1012 2797 1129 2860 horam
1144 2800 1160 2858 1
1175 2816 1307 2880 sepone.
1333 2794 1462 2859 Deinde

329 2905 413 2970 adde
437 2906 571 2971 nitratis
594 2906 757 2992 argentici
780 2903 1011 2970 deeinormalis
1030 2901 1354 2968 centimetracubica
1367 2903 1409 2965 20
1428 2907 1462 2966 61

329 3013 505 3077 solutionis
536 3012 670 3090 sulfatis
701 3010 1000 3077 ammonicoferrici
1029 3013 1200 3074 saturatae
1229 3013 1344 3093 guttas
1377 3011 1395 3071 5
1428 3013 1462 3072 et

328 3120 460 3205 argenti
483 3121 705 3205 quantitatem
728 3119 939 3184 excedentem
952 3140 1012 3203 per
1023 3116 1290 3203 sulfocyanetum
1302 3115 1462 3180 ammoni-

329 3249 403 3293 cum
427 3227 647 3292 decinormale
671 3227 751 3292 titra
774 3227 852 3290 dum
875 3225 967 3290 color
985 3226 1086 3290 ruber
1097 3224 1260 3288 exsistens
1272 3223 1461 3307 quassando

328 3356 397 3398 non
419 3334 534 3399 statim
557 3338 742 3399 evanescat.
790 3332 975 3398 Solutionis
992 3330 1461 3415 nitratisargenticidecinor-

328 3440 424 3504 malis
435 3440 631 3506 centimetra
643 3440 758 3505 cubica
770 3440 901 3525 singula
911 3439 1062 3504 adhibita
1073 3461 1148 3504 cum
1160 3437 1296 3503 Nitritis
1304 3437 1461 3522 aethylici

326 3547 605 3630 milligrammatis
624 3549 698 3624 22,5
721 3547 935 3612 conveniunt.

373 3653 510 3718 Nitritis
533 3653 691 3738 aethylici
709 3675 783 3718 cum
797 3653 926 3738 Spiritu
944 3650 1470 3719 66611616116611111661061111116.

328 3761 486 3846 aethylici
509 3761 619 3824 minus
641 3783 741 3847 quam
764 3761 1034 3846 midigrammata
1059 3763 1123 3824 200
1146 3783 1187 3824 116
1210 3759 1414 3824 contineant.

384 3867 433 3930 In
474 3867 646 3952 lagenis
691 3889 812 3953 quam
848 3869 1028 3933 maxime
1062 3866 1260 3952 impletis
1306 3888 1326 3928 6
1364 3865 1459 3928 luce

328 3980 519 4039 remotus
543 3974 637 4039 loeo
661 3974 828 4062 frigido
853 3980 1063 4040 servetur.

792 4198 994 4208 ρ--η--ι-
