3584 5026
861 493 925 556 220

326 685 504 751 reoctionis
528 685 573 751 sit
594 690 654 751 sut
675 685 795 751 leviter
817 684 992 763 slcslinsc3
1017 683 1132 749 oddito
1155 682 1250 748 ocido
1273 683 1403 761 niti-icc,
1416 705 1458 748 ne

326 793 528 872 effervescat,
553 815 637 857 neve
659 793 840 858 corbonote
863 793 992 858 notrico
1015 790 1258 856 ncvemixturs
1268 791 1456 876 magnesiae

327 901 490 965 turbetur.

372 1005 638 1092 Hypophosphis
671 1007 820 1072 notricus
854 1007 889 1071 in
923 1028 1009 1092 equs
1042 1006 1204 1089 (1:20)
1234 1003 1373 1083 solutus,
1398 1025 1457 1089 por

324 1113 455 1178 acidum
481 1112 772 1198 hydrochloricum
795 1113 909 1179 ccidus
931 1111 1051 1190 fectus,
1076 1111 1192 1176 oddito
1215 1110 1309 1177 ecido
1333 1111 1456 1196 hydro·

194 1255 197 1260 ·
327 1219 497 1297 sulfurico,
523 1219 666 1304 speciem
688 1242 731 1285 ne
754 1225 871 1285 mutet.

373 1325 639 1411 Hypophosphis
661 1327 811 1392 notricus
833 1327 869 1390 in
891 1347 978 1412 equs
1000 1328 1033 1409 (1
1053 1352 1087 1385 :
1106 1327 1185 1406 100)
1198 1325 1328 1390 solutus
1339 1325 1453 1390 addito

326 1432 450 1498 nitretc
484 1432 636 1517 berytico
671 1432 724 1497 vel
747 1437 873 1498 scetcte
896 1433 1063 1518 plumbico
1086 1454 1129 1496 nc
1153 1431 1268 1497 stetim
1293 1432 1453 1496 turbetur.

372 1539 482 1604 Huius
494 1539 633 1624 liquoris
644 1541 849 1605 centimetn's
860 1540 985 1606 cubicis
998 1542 1017 1603 5
1030 1539 1165 1603 nitrctis
1176 1537 1337 1624 argentici
1349 1537 1455 1623 guttis

328 1648 348 1709 3
372 1650 406 1710 et
429 1645 650 1737 aciditnitrici
672 1647 868 1712 centimetro
888 1647 1004 1712 cubico
1026 1650 1042 1709 l
1064 1645 1188 1722 mixtis,
1202 1644 1455 1729 praecipitatum

326 1752 422 1817 initio
446 1752 568 1830 album,
585 1759 657 1818 tum
670 1751 809 1831 fuscum,
827 1753 968 1838 denique
980 1751 1234 1838 griseonigrum‚
1247 1749 1453 1827 calefactum,

327 1865 436 1925 totum
459 1859 610 1925 solvatur
632 1865 690 1925 aut
712 1859 822 1944 liquor
846 1859 1077 1925 tantummodo
1101 1857 1266 1923 levissime
1290 1856 1456 1943 opulescst

326 1966 436 2033 colore
459 1965 580 2031 albido.

372 2059 665 2159 Hypophosphitis
687 2073 808 2138 notrici
831 2073 1100 2159 milligrcmmctn
1125 2074 1188 2137 100
1210 2072 1247 2136 in
1265 2093 1457 2156 aquescen-

327 2181 470 2246 timetris
500 2180 625 2246 cubicis
650 2183 692 2244 10
715 2179 843 2257 solutio,
867 2178 987 2244 deinde
1009 2201 1077 2244 unc
1100 2201 1174 2243 cum
1197 2177 1283 2243 ccidi
1306 2175 1457 2243 sulfurici

326 2287 531 2353 centimetris
553 2286 678 2352 cubicis
704 2289 745 2351 10
768 2291 803 2352 et
824 2285 1207 2373 pormengonctiskslici
1226 2283 1456 2350 dccinomolis

326 2394 532 2460 centimetris
554 2393 679 2460 cubicis
702 2395 745 2457 40
769 2415 829 2478 per
851 2393 953 2458 horse
975 2397 1104 2478 purtem
1127 2398 1257 2457 sextum
1279 2391 1454 2469 concoctis,

324 2501 434 2586 liquor
454 2501 503 2566 its
526 2505 663 2586 paratus
685 2505 725 2566 ut
746 2500 964 2579 decoloretur,
987 2498 1074 2565 ccidi
1096 2497 1457 2564 oxclicidecinormolis

324 2607 520 2674 centimetrs
543 2607 659 2674 cubica
682 2630 724 2672 ne
746 2607 822 2692 plus
844 2628 945 2694 quom
968 2609 988 2671 3
1010 2606 1168 2691 requirat.

372 2733 452 2797 Per
474 2731 634 2798 calcem
656 2732 800 2797 vivom
823 2730 1077 2796 servandus.

790 2971 993 2982 *—

795 3176 987 3270 infusa.

368 3353 495 3430 Infuso,
531 3353 597 3418 nisi
632 3355 730 3419 aliter
763 3352 1005 3439 praescriptum
1040 3352 1115 3436 ent,
1148 3350 1197 3416 ito
1227 3353 1388 3436 parentur
1417 3354 1456 3414 ut

323 3461 495 3539 elemento,
519 3461 650 3526 minuto
672 3465 835 3546 quantum
858 3481 942 3545 opus
966 3459 1039 3537 crit,
1063 3458 1275 3544 potissimum
1293 3457 1329 3521 in
1341 3457 1456 3542 patino

323 3567 531 3652 porcellsnec
554 3568 608 3632 vel
624 3567 764 3653 lapidos,
778 3567 934 3653 operculo
950 3563 1456 3651 clauss,oqucf1·igids,quontc

324 3673 474 3750 sufficiet,
510 3674 797 3761 superfundantur
831 3680 873 3752 et,
908 3673 1077 3740 interdum
1107 3672 1245 3757 agitata,
1277 3671 1313 3734 in
1337 3670 1455 3734 balneo

325 3801 429 3865 cquae
451 3780 615 3847 calefiant.

368 3885 574 3953 Infuudotur
596 3911 638 3954 ex
661 3911 701 3953 co
724 3894 882 3974 tempore,
913 3909 979 3973 quo
1002 3887 1044 3951 sd
1067 3887 1188 3952 caloris
1211 3884 1351 3971 gradum
1375 3885 1454 3948 90mn

324 3992 503 4058 culefctum
534 3997 608 4074 erit,
639 4017 699 4082 por
733 3997 833 4061 horso
867 4000 996 4080 partem
1019 3999 1182 4079 quartem,
1207 3992 1300 4057 Folio
1324 3990 1454 4055 Sennse

324 4105 437 4165 cutem
460 4123 520 4186 per
542 4104 644 4169 horae
667 4109 796 4189 portem
819 4101 1000 4167 dimidiam.

369 4206 582 4293 Refugersts
605 4211 767 4277 colentur.
