3582 5034
868 479 930 545 271

327 671 376 770 -Ι-
410 673 548 770 oleum
584 674 732 769 leceris
765 674 891 768 tselli
926 700 1016 768 cum
1052 673 1182 768 ledele
1214 675 1384 770 larteso.

376 852 429 917 Ad
453 851 572 916 Oleum
595 851 720 917 Iecoris
750 851 854 916 Aselli
877 873 953 917 eum
982 850 1102 916 Iodeto
1126 851 1255 917 ferroso
1278 853 1464 938 parandum

331 959 530 1024 adhibeatur
552 959 661 1023 eleum
684 958 803 1024 iecoris
827 958 930 1036 aselli,
955 958 1044 1044 quod
1067 980 1134 1024 non
1158 959 1266 1024 solum
1283 960 1464 1046 postulatis

331 1065 380 1129 illi
402 1065 554 1130 materiei
577 1065 711 1151 scriptis
735 1065 923 1130 satisfaciat
947 1064 1244 1130 sedetiamhuice:
1270 1065 1464 1132 Solutorum

330 1171 411 1236 iodii
429 1170 736 1258 milligrammatum
758 1175 799 1236 10
819 1172 854 1236 in
874 1173 938 1236 olei
954 1172 1072 1238 iecoris
1096 1173 1190 1237 aselli
1212 1173 1409 1257 grammatis
1423 1177 1464 1238 10

331 1282 447 1364 guttae
477 1278 657 1343 nonnullae
688 1279 716 1343 si
746 1283 824 1364 post
855 1279 956 1343 horas
986 1281 1007 1344 4
1039 1299 1113 1344 cum
1160 1279 1326 1344 solutione
1360 1279 1463 1345 iodeti

331 1385 431 1450 kalici
464 1406 539 1452 cum
572 1385 684 1471 amylo
706 1392 982 1471 conquassantur,
1006 1385 1088 1451 haec
1110 1386 1255 1451 colorem
1277 1388 1464 1453 caemleum

332 1492 453 1557 trahat.

375 1616 476 1681 Solve
498 1617 534 1681 in
557 1618 718 1682 mortario
740 1617 895 1682 deterens

427 1729 508 1782 Iodll
537 1731 668 1801 partes
696 1729 869 1801 quinque
910 1768 1359 1786 ............
1447 1727 1465 1783 5

332 1820 366 1884 111

428 1934 496 1987 Olet
526 1935 643 1986 leceris
674 1934 775 1986 Arelli
799 1929 986 2006 partibus
1018 1930 1217 1988 trecentis
1248 1950 1365 1988 nonc-

468 2028 583 2102 ginta
603 2033 799 2104 quattuor
825 2071 1357 2088 ..............
1405 2028 1462 2086 304

375 2141 493 2206 Soluta
514 2143 550 2205 in
573 2143 727 2228 lagenam
749 2141 897 2220 infunde,
922 2162 1007 2228 quae
1030 2141 1100 2207 iere
1123 2148 1196 2208 tota
1218 2144 1432 2230 compleatur.

375 2265 470 2330 Adde

428 2378 519 2430 Ferri
539 2379 703 2443 pulveretl
724 2381 859 2450 partes
880 2373 1010 2431 decem
1030 2419 1357 2434 .........
1428 2375 1464 2433 10

331 2492 364 2552 et
375 2487 568 2574 frequenter
580 2489 715 2554 fortiter
725 2510 951 2575 conquassans
960 2510 1020 2574 per
1030 2491 1131 2554 horas
1142 2491 1183 2552 12
1192 2511 1325 2577 sepone.
1339 2490 1463 2576 Liquor

330 2592 383 2660 fac
406 2615 466 2679 per
488 2597 588 2660 horas
613 2598 655 2662 24
679 2595 825 2672 desidat;
853 2617 913 2680 per
932 2596 1133 2660 solutionem
1152 2596 1255 2661 iodeti
1274 2596 1461 2663 kalicicum

330 2701 441 2787 amylo
459 2701 495 2765 in
514 2703 621 2788 guttis
640 2703 809 2768 nonnullis
830 2703 959 2787 inquire
977 2723 1058 2767 num
1073 2702 1199 2767 iodium
1210 2703 1352 2767 liberum
1364 2703 1461 2781 insit3

329 2807 466 2892 quodsi
489 2809 598 2886 inerit,
619 2831 841 2894 conquassare
867 2830 979 2896 perge,
1002 2809 1082 2874 dum
1105 2809 1230 2875 iodium
1254 2809 1370 2874 adesse
1393 2831 1461 2874 non

329 2915 470 3001 amplius
489 2922 659 3002 appareat.
681 2916 867 3002 Liquorsm,
888 2937 962 2982 cum
979 2916 1155 2994 desederit,
1168 2917 1294 2982 clarum
1306 2915 1461 2980 detrude.

373 3021 498 3107 Liquor
520 3045 538 3087 e
561 3045 728 3109 pmpureo
750 3023 926 3100 violaceus,
952 3023 1111 3088 oleaceus.

373 3129 488 3214 Aquae
511 3131 743 3195 centimetrum
767 3129 958 3195 cubicorum
982 3133 1002 3194 5
1026 3151 1101 3195 oum
1124 3128 1198 3193 Olei
1221 3128 1462 3194 IecorisAselli

330 3255 403 3299 cum
426 3235 545 3302 Iodeto
569 3236 699 3302 ferroso
711 3237 818 3323 guttis
838 3240 858 3301 3
878 3241 1175 3322 conquassatorum
1187 3235 1323 3312 filtrata,
1336 3234 1460 3298 additis

329 3342 414 3407 acidi
425 3343 668 3409 nitrosonitrici
675 3347 846 3429 guttelet
854 3343 1031 3408 solutionis
1040 3342 1141 3430 amyli
1150 3363 1254 3429 parva
1262 3341 1459 3428 quantitate,

329 3450 473 3514 colorem
495 3451 682 3516 caemrleum
704 3451 850 3516 trahant.

372 3554 414 3620 In
437 3557 565 3642 liquore
587 3558 692 3622 insint
710 3557 792 3622 ferri
810 3579 878 3622 non
896 3557 1007 3622 minus
1025 3579 1125 3642 quam
1137 3561 1250 3642 partes
1262 3555 1461 3621 centesimae

330 3664 436 3741 0335,
447 3663 481 3728 id
492 3664 582 3749 quod
594 3665 751 3730 convenit
762 3686 836 3730 oum
848 3664 952 3729 iodeti
963 3663 1083 3729 terrosi
1095 3669 1191 3750 parte
1201 3662 1383 3729 centesima
1397 3663 1459 3739 l,3.

330 3767 499 3847 Quantum
523 3771 613 3849 insit,
637 3771 686 3836 its
709 3771 886 3836 statuitur:
911 3770 985 3835 Olei
1003 3767 1460 3836 IecorisAsellicumIodeto

330 3873 458 3941 fer-roso
488 3884 675 3962 grammata
698 3881 739 3942 20
770 3879 805 3942 in
827 3878 1000 3943 cucurbita
1022 3878 1123 3942 misce
1146 3877 1284 3963 spiritus
1307 3875 1459 3940 fortioris

329 3983 533 4048 centimetris
556 3983 680 4050 cubicis
705 3987 746 4048 20
769 3990 803 4050 et
826 3983 1004 4049 solutionis
1023 3982 1290 4070 hydratiskalici
1303 3981 1459 4046 centime-

330 4087 390 4152 tris
401 4089 526 4155 cubicis
540 4093 595 4167 20;
616 4091 652 4154 in
668 4090 786 4156 balneo
797 4112 912 4176 equae,
926 4089 1120 4176 frequenter
1131 4109 1367 4176 conquassans,
1379 4107 1459 4151 cura

330 4193 444 4272 habits
466 4202 505 4262 ut
528 4218 628 4282 quam
647 4197 820 4262 minimum
839 4203 1048 4284 evaporetur,
1069 4220 1129 4284 per
1147 4199 1264 4263 horam
1286 4200 1302 4258 1
1323 4191 1458 4259 caliace.
