3530 5026
844 510 906 575 137
919 603 926 618 1

308 707 474 787 Quantum
498 707 540 771 de
562 705 697 770 filtratis
721 705 875 791 supersit,
899 706 935 768 in
958 703 1077 768 balneo
1100 724 1205 788 aquae
1221 702 1435 788 evaporando

307 819 412 880 statue
436 818 481 892 et,
507 814 536 878 si
558 835 642 900 opus
666 813 739 890 erit,
764 812 902 897 spiritus
922 811 1021 875 diluti
1040 815 1173 875 tantum
1191 810 1286 888 adde,
1300 814 1338 874 ut
1350 831 1435 895 quae

307 920 345 985 de
367 920 557 1006 evaporatis
581 923 790 1006 supererunt,
814 919 960 1004 portium
983 919 1236 982 centesimarum
1260 917 1329 981 sint
1353 918 1405 981 20.

348 1027 472 1114 Liquor
493 1025 710 1108 fuscoflavus,
729 1026 795 1111 qui,
816 1025 932 1090 addito
951 1024 1047 1090 acido
1066 1024 1187 1088 uitrico
1207 1024 1324 1102 diluto,
1342 1044 1436 1108 prac-

307 1134 479 1219 cipitatum
503 1133 645 1199 secernit
668 1132 805 1214 flavum,
828 1133 1070 1217 crystallinum.

348 1241 545 1306 Extractum
565 1240 747 1326 Hydrastis
763 1240 926 1326 liquidum
938 1238 1128 1325 hydrastini
1140 1237 1312 1302 contineat
1324 1241 1436 1322 partes

306 1348 501 1412 centesimas
524 1369 593 1412 non
616 1347 726 1412 minus
750 1369 849 1434 quam
874 1350 904 1410 2.

349 1453 519 1533 Quantum
541 1454 634 1531 insit,
657 1455 707 1519 ita
730 1455 908 1519 statuitur:
924 1453 1077 1518 Extracti
1088 1456 1275 1537 grammata
1288 1455 1317 1530 5,
1331 1473 1435 1536 aquae

306 1562 508 1626 centimetris
539 1561 664 1627 cubicis
691 1563 733 1625 20
757 1562 871 1638 mixta,
896 1561 932 1624 in
954 1559 1074 1624 balneo
1096 1579 1201 1644 aquae
1224 1579 1370 1643 evapora
1393 1557 1435 1622 ad

305 1673 489 1752 grammata
523 1666 593 1733 fere
629 1670 680 1733 10.
716 1668 832 1755 Aquae
867 1671 1000 1732 tantum
1033 1665 1127 1742 adde,
1164 1670 1201 1729 ut
1236 1665 1367 1750 pondus
1391 1665 1435 1728 sit

307 1779 527 1858 grammatum
559 1776 618 1853 203
655 1776 744 1862 hunc
777 1775 939 1861 liquorem
973 1795 1049 1838 cum
1083 1772 1163 1838 talci
1198 1776 1384 1857 grammate
1416 1774 1433 1834 1

306 1886 562 1967 conquassatum
585 1882 683 1946 filtra.
708 1882 926 1947 Filtratorum
949 1881 1147 1946 centimetra
1169 1880 1285 1945 cubica
1307 1883 1348 1943 10
1360 1901 1435 1945 cum

306 1989 449 2052 aetheris
479 1989 686 2054 centimetris
716 1989 841 2054 cubicis
874 1991 914 2053 25
946 1993 980 2053 et
1011 1988 1198 2052 ammoniae
1229 1987 1435 2052 centimetris

304 2095 427 2160 cubicis
458 2097 478 2160 3
509 2117 569 2180 per
591 2096 692 2161 horae
716 2101 828 2182 partes
852 2096 1076 2181 sexagesimos
1098 2093 1276 2158 nonnullas
1300 2091 1437 2157 fortiter

305 2221 506 2288 conquassa3
537 2202 694 2288 deinceps
705 2203 790 2268 adde
802 2203 947 2268 aetheris
959 2201 1099 2286 petrolei
1111 2200 1309 2265 centimetra
1321 2199 1436 2263 cubico

307 2309 346 2372 25
370 2312 405 2372 et
423 2308 571 2394 pulveris
590 2310 830 2394 tragacanthae
849 2312 1037 2395 grammata
1059 2310 1078 2372 2
1101 2306 1289 2393 iterumque
1300 2304 1436 2370 fortiter

305 2435 489 2501 conquassu
512 2415 591 2479 dum
613 2416 723 2501 liquor
745 2416 854 2482 clarus
877 2415 987 2481 iactus
1014 2415 1069 2479 sit.
1094 2414 1145 2478 De
1166 2413 1305 2498 liquoris
1332 2412 1434 2476 centi-

305 2522 418 2586 metris
442 2523 566 2588 cubicis
587 2525 630 2586 40
649 2524 703 2608 (z
729 2523 872 2588 extracti
895 2522 1091 2608 grammatis
1112 2521 1146 2604 2)
1167 2520 1204 2584 in
1227 2518 1433 2585 cucurbitam

304 2629 375 2694 noti
408 2629 566 2714 ponderis
599 2630 797 2694 centimetra
829 2630 944 2695 cubica
978 2630 1020 2694 30
1045 2627 1190 2706 destilla;
1226 2625 1433 2691 cucurbitam

303 2735 449 2801 clausam
471 2757 531 2822 per
557 2737 657 2802 horas
682 2739 702 2802 3
725 2736 798 2802 loco
818 2735 943 2822 fn'gido
966 2756 1106 2821 sepone;
1127 2733 1247 2800 deinde
1270 2733 1432 2818 liquorem

302 2843 425 2908 clarum
448 2842 612 2922 defunde;
635 2843 671 2907 in
693 2843 812 2909 balneo
831 2866 936 2930 aquae
959 2844 1055 2908 sicca.
1081 2841 1283 2927 Hydrastini
1303 2840 1433 2925 pondus

304 2949 348 3012 sit
370 2949 678 3035 milligrammatum
700 2972 768 3015 non
791 2951 901 3015 minus
924 2971 1025 3038 quam
1048 2952 1101 3013 40.

301 3072 412 3134 Doses
433 3076 612 3135 maximae
634 3075 796 3152 singulae
817 3079 1057 3151 grammatum
1080 3075 1105 3135 1.

301 3169 412 3232 Doses
430 3175 609 3234 maximae
627 3174 664 3233 in
681 3174 787 3234 horas
798 3175 941 3234 vicenas
952 3177 1142 3248 quaternas
1154 3174 1394 3246 grammatum
1405 3167 1434 3230 4.

776 3425 978 3436 ——-—-.-.

421 3631 471 3730 ÷
506 3635 802 3729 [structum
855 3635 1178 3756 byoscyami.
1214 3635 1252 3729 f.
1288 3633 1313 3728 l.

350 3809 433 3877 Para
455 3835 473 3877 e

400 3923 497 3977 Polus
517 3925 714 3989 Hyoscyaml
734 3920 775 3978 in
795 3921 997 3998 pulverem
1017 3919 1096 3999 (Bw)
1117 3919 1295 3978 redactis

303 4018 487 4082 exmactum
517 4019 661 4105 spissum
692 4040 758 4104 quo
782 4019 881 4084 modo
906 4018 1067 4085 Extracto
1091 4016 1316 4082 Belladonnae
1338 4034 1432 4100 prae-

304 4121 463 4208 scriptum
486 4131 548 4191 est.

349 4227 541 4298 Extractum
577 4233 793 4320 Hyoscyami,
829 4233 944 4299 addita
965 4253 1051 4319 aqua
1072 4235 1160 4316 (1=
1181 4232 1245 4315 10),
1270 4228 1432 4313 liquorem
