3584 5026
873 509 937 571 184

337 704 471 789 ginibus
503 703 602 789 paulo
633 702 763 780 latiora,
792 707 888 768 terna
910 703 961 786 (3)
983 702 1018 766 in
1038 706 1133 787 parto
1160 701 1344 788 posteriore
1368 701 1467 783 paulo

336 812 447 876 minus
477 811 546 875 lata
579 811 755 896 minusque
776 811 865 876 inter
887 831 923 874 se
946 809 1117 887 distantia,
1142 813 1176 874 et
1198 809 1369 875 valleculis
1391 808 1469 873 altis

335 918 507 1003 quaternis
530 918 587 1002 (4).
613 917 734 994 vittae,
760 916 911 1001 singulae
933 916 968 979 in
985 916 1085 981 sulcis
1097 915 1247 1000 singulis,
1261 915 1357 980 binae
1370 917 1421 998 (2)
1432 915 1467 978 in

333 1024 550 1090 commissura
565 1023 665 1109 plana
676 1023 889 1089 acheniorum
902 1022 1119 1107 singulorum,
1133 1043 1248 1087 omnes
1261 1023 1468 1086 extrinsecus

334 1131 541 1217 conspicuae.
578 1130 776 1216 Superficies
806 1129 932 1215 glabra,
957 1151 975 1194 e
1004 1129 1104 1193 viridi
1135 1127 1335 1206 fuscoflava;
1360 1129 1466 1193 vittas

334 1235 458 1304 fuscae.
484 1236 762 1322 Endospermium
786 1237 1063 1322 orthospermum.

378 1343 597 1430 Microscopia
626 1344 784 1430 pulveris.
821 1342 896 1408 Oloi
925 1349 1043 1428 guttae
1065 1343 1228 1429 plurimae
1251 1343 1301 1426 (in
1324 1342 1466 1427 hydrats

331 1451 493 1533 chlorali).
522 1450 668 1517 Gallulac
692 1451 1003 1536 parenchymaticee
1025 1450 1227 1515 membranis
1249 1449 1363 1524 fuscis,
1386 1470 1467 1535 quo-

332 1554 509 1622 dammodo
518 1556 719 1623 tumefactis.
734 1557 965 1642 Endospermii
974 1559 1200 1642 parencbyma
1207 1556 1329 1622 coloris
1337 1577 1464 1643 expers,

332 1662 576 1747 quodammodo
599 1665 852 1749 pachytichum;
876 1665 912 1728 in
928 1663 1042 1730 multis
1054 1664 1181 1729 cellulis
1192 1664 1379 1749 complures
1391 1663 1467 1728 stel-

332 1769 449 1834 lulaee
468 1771 645 1856 crystallis,
666 1771 702 1834 in
722 1793 862 1856 quarum
880 1771 991 1835 medio
1011 1770 1098 1836 aeris
1117 1770 1252 1835 bullula.
1278 1770 1465 1856 Epidsrmis

333 1875 473 1941 interior
495 1877 706 1942 membranae
727 1877 857 1943 fructus
872 1882 1029 1942 constans
1049 1877 1175 1942 cellulis
1191 1876 1381 1955 humilibus,
1394 1875 1465 1940 fere

333 1984 586 2068 tangentialiter
596 1983 776 2048 admodum
788 1987 951 2063 extentis;
969 2006 1067 2071 saepo
1079 2005 1155 2049 cum
1169 1985 1265 2051 vittis
1277 1984 1464 2050 coniuncta.

331 2087 474 2154 Cellulae
497 2091 807 2176 parenchymaticae
830 2091 1003 2176 oblongae,
1027 2092 1148 2157 coloris
1172 2091 1466 2177 expertesreticu·

330 2195 455 2261 latione
479 2218 644 2283 expressa,
670 2219 796 2282 grossa.
821 2199 989 2263 Vittarum
1001 2204 1123 2284 partes,
1138 2197 1350 2275 flavofuscas,
1363 2199 1465 2262 inter-

331 2302 411 2366 dum
434 2308 542 2368 strato
565 2304 757 2369 cellularum
779 2305 1355 2390 leptoticharum‚multangula1um.
1381 2304 1464 2368 Pha·

331 2409 447 2494 langes
470 2431 628 2475 vasorum
645 2412 833 2476 anularium
845 2416 879 2477 et
891 2413 1064 2497 spiralium
1075 2412 1222 2498 etOfibrae
1235 2412 1462 2498 pachytichne.

332 2515 518 2602 Epidermis
541 2539 559 2581 e
571 2518 699 2583 cellulis
710 2518 938 2604 multangulis,
951 2520 1072 2585 coloris
1084 2519 1294 2604 expertibus3
1307 2525 1462 2584 stomata.

377 2623 470 2687 Odor
492 2628 526 2689 et
549 2646 649 2710 sapor
671 2625 769 2690 valde
791 2626 975 2691 aromatici.

404 3040 455 3138 ·Ι·
489 3043 712 3138 Fructus
752 3045 940 3140 Hordei
973 3046 1311 3141 decorticati.

377 3226 495 3293 Nuclei
511 3227 651 3294 farinosi
663 3228 834 3295 fructuum
849 3253 933 3317 quos
949 3231 1016 3298 lert
1030 3234 1064 3298 H
1073 3233 1246 3297 ordeum
1270 3233 1343 3296 vul
1351 3253 1461 3317 gare,

332 3333 432 3399 Lruu.
457 3334 514 3420 Sp.
540 3335 587 3400 Pl.
613 3337 664 3414 84,
690 3335 743 3401 vel
766 3337 851 3402 aliae
874 3339 1008 3424 species,
1033 3338 1165 3424 copiose
1176 3338 1294 3416 cultae,
1316 3336 1463 3402 eiusdem

331 3461 472 3526 generis.

377 3582 567 3650 Millimetra
596 3586 667 3672 fere
692 3591 711 3651 5
736 3586 837 3674 longi,
869 3588 931 3653 lati
960 3589 1151 3653 millimctra
1177 3587 1247 3652 fere
1271 3589 1334 3664 3,5,
1359 3585 1461 3650 crassi

330 3690 520 3756 millimctra
531 3691 601 3758 iere
615 3696 667 3771 2,5
678 3715 685 3772 ;
698 3717 886 3781 compresse
898 3695 1181 3782 oblongorotundi
1193 3691 1461 3758 extremitatibus

331 3796 477 3876 obtusis3
512 3799 547 3862 in
580 3801 687 3866 altero
720 3803 825 3867 latore
860 3804 961 3889 plano
994 3802 1157 3867 vallecnla
1186 3801 1322 3878 directa,
1343 3800 1463 3885 inqua

333 3903 491 3990 reliquias
513 3904 626 3972 fuscae
638 3909 807 3994 palearum
820 3907 1406 3996 elpericarpiietspermodormidis3
1427 3907 1462 3970 in

334 4011 440 4075 altera
462 4015 683 4092 extremitate,
706 4017 749 4080 ad
772 4017 861 4081 letus
872 4017 1018 4102 planum,
1031 4015 1211 4081 valleculae
1223 4036 1342 4100 expers
1354 4035 1459 4090 versa,

334 4119 464 4183 macula
497 4141 600 4205 parva
625 4122 815 4201 rotundata,
840 4145 1038 4209 compressa,
1064 4124 1257 4209 plerumque
1279 4121 1460 4188 clarissime

335 4223 439 4302 fusca,
475 4225 599 4292 fundus
634 4230 716 4304 cavi,
751 4231 786 4294 in
814 4252 879 4316 quo
909 4231 1046 4316 embryo
1066 4236 1144 4295 ante
1167 4229 1459 4295 decorticationem
