3466 5038
865 495 906 557 26

530 689 698 808 iieps
732 689 904 784 Lanae
937 716 1044 783 aum
1078 688 1230 808 iqua.

776 887 1003 955 Laualinum.

364 1047 467 1112 Misce

417 1161 529 1224 Adipte
555 1161 662 1212 nanae
691 1163 825 1232 partes
853 1157 1114 1232 septuaginta
1144 1155 1315 1231 quinque
1357 1198 1363 1210 .
1411 1154 1447 1212 75

418 1261 528 1322 Aquae
562 1253 747 1330 partibus
776 1255 1123 1329 vigintiquinque
1157 1297 1363 1311 ......
1412 1253 1448 1308 25

364 1351 507 1414 Mirtum
530 1351 617 1414 clare
640 1349 773 1428 flavum,
798 1350 978 1435 aequabile,
1003 1350 1237 1435 unguinosum.

362 1457 479 1541 Adipis
504 1458 613 1522 Lanae
636 1457 746 1522 calore
763 1459 881 1522 secreti
905 1465 1017 1542 partes
1040 1457 1239 1521 centesimae
1264 1457 1305 1520 75
1318 1455 1445 1532 adsint3

319 1564 530 1628 satisfaciant
551 1565 657 1629 isdem
681 1565 868 1650 postuatis,
893 1565 1013 1650 quibus
1036 1565 1148 1648 Adeps
1173 1563 1291 1627 Lanae.

784 1891 983 1900 -m—

671 2206 839 2326 nieps
881 2207 1095 2302 suillus.

794 2420 974 2506 Axungia.

365 2599 506 2683 Adipem
530 2605 739 2664 omentorum
763 2605 797 2664 et
819 2621 936 2663 renum
957 2599 1062 2664 Suum
1075 2597 1445 2672 Serofarumsanarum,

318 2705 354 2768 in
388 2704 534 2770 frustula
568 2707 746 2783 concisum,
782 2707 817 2769 in
853 2706 973 2771 balneo
1004 2728 1109 2791 aquae
1140 2706 1264 2770 eaifaee
1288 2711 1322 2771 et
1344 2706 1447 2791 lique·

320 2811 447 2876 factum
469 2813 550 2877 cola.

364 2918 476 3004 Adeps
511 2920 615 2996 sibus,
649 2921 760 2985 odoris
784 2921 854 2985 fere
878 2942 1005 3006 expers,
1039 2922 1095 3005 qui
1119 2921 1237 2985 caloris
1260 2920 1367 3005 gradu
1391 2921 1449 2983 40⁰

321 3027 369 3089 ita
392 3025 561 3110 liquescat,
586 3031 624 3091 ut
647 3027 757 3112 liquor
780 3028 889 3092 clerus
913 3028 981 3092 fiat.

364 3132 476 3217 Adeps
499 3133 617 3198 suillus
640 3134 703 3198 olei
723 3136 874 3222 gossypii
889 3139 923 3200 et
935 3136 998 3200 olei
1010 3135 1131 3200 sesami
1143 3139 1176 3199 et
1188 3135 1334 3199 oleorum
1348 3133 1448 3196 mine-

318 3239 438 3303 ralium
461 3261 579 3325 expers
602 3241 656 3317 sit,
670 3241 704 3304 id
716 3241 805 3327 quod
817 3243 978 3307 statuitur
989 3242 1154 3326 quomodo
1168 3242 1258 3306 Oleis
1270 3241 1448 3326 pinguibus

319 3348 560 3433 praescriptum
584 3353 645 3411 est.
669 3348 775 3413 Index
798 3349 1043 3414 saidimetricus
1067 3370 1108 3412 ne
1132 3349 1176 3413 sit
1189 3349 1293 3412 maior
1305 3370 1403 3434 quam
1417 3349 1446 3411 3.

318 3453 426 3517 Index
448 3453 684 3531 iodimetrieus,
709 3455 743 3518 in
767 3457 1045 3541 milligrammatis
1069 3458 1134 3519 300
1157 3455 1199 3518 ed
1224 3458 1298 3533 340,
1322 3455 1448 3540 experi-

319 3565 433 3624 mento
463 3583 522 3647 per
547 3563 649 3626 horae
672 3567 801 3648 partem
824 3569 975 3649 quartam
999 3564 1202 3639 continuate,
1228 3567 1382 3638 statutus,
1407 3583 1448 3624 ne

319 3667 364 3730 sit
386 3669 495 3732 minor
517 3690 617 3754 quem
640 3671 683 3733 49
707 3691 791 3732 neve
815 3671 920 3734 maior
942 3692 1041 3755 quam
1065 3672 1117 3734 60.

364 3790 505 3876 Adeps
528 3794 690 3857 suillus
714 3793 989 3877 potissimum
1013 3795 1273 3858 serveturin
1292 3793 1447 3878 lagenis

320 3897 425 3961 bene
446 3899 622 3964 eleusis.
