3530 5026
818 520 880 583 135

483 710 532 808 ÷
568 715 863 808 [structum
899 713 1125 808 (transii.

325 855 460 921 remon

374 967 535 1022 Gortlosm
554 969 691 1021 (truncti
712 964 751 1020 in
772 964 973 1040 pulverem
994 963 1073 1042 (Boo)
1095 963 1298 1022 redactum

284 1061 339 1126 per
374 1138 536 1202 spirltum
556 1138 700 1190 dilutum

281 1227 356 1292 dum
379 1229 489 1315 liquor
511 1229 661 1295 defluens
684 1230 806 1296 coloris
829 1229 900 1296 lere
923 1251 1041 1316 expers
1065 1231 1119 1296 sit.

322 1335 495 1402 Percolcte
518 1336 566 1402 its
588 1341 706 1422 perots
729 1359 873 1423 evopore
895 1337 938 1402 od
961 1342 1147 1403 extractum
1165 1337 1298 1403 siccum.

323 1442 518 1510 Extinctum
560 1443 710 1522 Greneti,
752 1443 867 1510 cddite
908 1466 995 1532 squs
1030 1448 1064 1528 (1
1095 1469 1128 1504 =
1159 1444 1223 1527 10),
1248 1444 1410 1531 liquorem

281 1549 447 1615 turbidum
477 1550 616 1636 praebet
638 1551 767 1638 soporis
790 1551 1041 1637 adstringentis,
1066 1551 1179 1628 cmcri,
1204 1551 1270 1638 qui,
1294 1551 1409 1616 addito

279 1655 414 1740 spiritus
437 1656 608 1723 volumine
630 1656 764 1743 duplici,
789 1659 950 1724 clarescit.

322 1762 517 1830 Extractum
549 1764 689 1830 Groncti
718 1763 976 1831 slccloideorum
1006 1765 1178 1830 continent
1207 1785 1276 1829 non
1298 1765 1409 1830 minus

278 1889 373 1953 quem
397 1871 502 1956 pertis
525 1871 724 1937 centesimos
747 1877 859 1958 pertus
882 1877 1043 1959 quattuor
1064 1873 1158 1958 (0,8).
1426 1857 1428 1862 ¹

319 1976 587 2044 Alccloideorum
609 1983 772 2065 quantum
783 1980 874 2058 insit,
887 1981 937 2046 its
948 1979 1129 2046 statuiturz
1153 1977 1255 2043 Solve
1266 1978 1408 2044 extracti

277 2081 309 2145 in
331 2084 503 2170 pulverem
525 2084 652 2151 redacti
674 2093 861 2171 grammato
885 2090 938 2165 2‚5
961 2088 997 2151 in
1020 2084 1210 2151 commixtis
1229 2084 1407 2151 solutionis

277 2189 427 2275 hydrctis
449 2191 571 2257 notrici
594 2193 801 2259 centimetn's
824 2193 949 2260 cubicis
973 2197 993 2259 6
1018 2196 1051 2259 et
1074 2213 1179 2277 oqusc
1202 2191 1407 2257 centimetris

277 2297 399 2363 cubicis
420 2301 461 2363 18
471 2317 479 2377 ;
497 2299 608 2364 soluts
619 2321 694 2364 cum
706 2300 851 2365 aetheris
862 2299 1068 2365 centimetris
1079 2297 1204 2364 cubicis
1217 2298 1259 2363 75
1271 2295 1409 2362 fortiter

277 2407 310 2467 ot
327 2403 520 2490 frequenter
537 2426 722 2491 conquesss
736 2428 797 2493 per
815 2407 916 2472 horse
935 2410 1064 2493 portem
1081 2404 1254 2469 dimidium
1264 2423 1272 2482 ;
1284 2403 1408 2469 additis

276 2509 421 2593 pulveris
440 2512 679 2597 trsgccsnthse
690 2513 886 2598 grammatis
900 2517 929 2591 5,
943 2513 1064 2578 iterum
1077 2511 1213 2577 fortiter
1223 2532 1409 2598 conquesse

286 2621 320 2682 st
329 2617 470 2703 liquoris
481 2617 562 2684 cleri
573 2618 770 2686 centimetre
780 2620 897 2687 cubico
908 2621 1012 2703 60(=
1025 2618 1168 2684 extracti
1175 2621 1363 2704 grsmmstc
1373 2619 1408 2694 2)

274 2722 429 2791 deiunde.
455 2725 520 2790 His
542 2724 628 2790 sdde
651 2723 1271 2812 Sulfodimethylemidoezobennolstis
1287 2725 1408 2790 notrici

273 2831 457 2914 (1:1000)
486 2835 601 2918 guttas
625 2834 644 2897 6
668 2837 711 2910 ct,
736 2831 929 2919 frequenter
951 2832 1150 2918 fortiterque
1171 2852 1407 2919 conquassans,

273 2936 359 3002 ccidi
370 2937 1017 3022 hydrochloricicentinormelistentum
1025 2938 1332 3026 utliquorsquosus
1340 2959 1408 3002 ms·

273 3042 432 3109 nifestum
444 3047 479 3109 et
490 3049 700 3111 constantem
712 3047 856 3112 colorem
868 3046 1006 3112 rubrum
1015 3045 1136 3124 trehet
1145 3043 1408 3130 scidiqusntits-

274 3154 340 3214 tem
352 3151 567 3217 excedentem
578 3173 638 3238 per
648 3151 745 3219 elcoli
757 3152 1188 3219 centinormeleretrotitre.
1201 3151 1409 3219 Acidicenti-

276 3257 433 3324 normclis
451 3258 648 3325 centimetrs
663 3259 779 3326 cubica
790 3281 832 3325 ne
844 3260 955 3327 minus
965 3281 1066 3346 quem
1080 3261 1164 3337 10,8,
1177 3263 1216 3323 ut
1227 3257 1408 3324 clccloidee

275 3363 528 3450 coniungantur,
540 3365 690 3432 edhibits
701 3367 779 3432 sint.
792 3366 890 3432 Acidi
898 3365 1146 3432 centinormslis
1155 3365 1324 3431 coniuncti
1333 3387 1408 3432 cen-

277 3469 408 3537 timctrs
418 3471 534 3538 cubica
546 3473 678 3560 singule
689 3473 946 3539 slccloideorum
956 3473 1148 3538 millimetrs
1161 3473 1234 3550 1,47
1247 3471 1407 3538 indicunt.

476 3707 526 3808 ·l·
561 3714 857 3808 [structum
903 3714 1121 3808 llelenii.

320 3870 449 3936 Mscers
479 3873 514 3937 in
539 3895 621 3938 voso
644 3874 768 3950 clauso,
792 3873 986 3959 frequenter
1007 3874 1150 3959 agitans,
1175 3871 1405 3958 pertriduum

369 3984 639 4038 Rcdlclsnelenss
659 3981 699 4038 in
722 3980 1229 4058 pulverem(A1‚5)rcdectce
1250 3997 1328 4057 pcr-

411 4083 466 4134 tes
491 4084 649 4135 centum
669 4119 1321 4140 ................
1350 4074 1407 4132 100

279 4171 334 4236 per
370 4249 511 4314 Spiritus
531 4251 631 4302 diluti
651 4254 785 4323 portes
807 4253 1014 4305 trecentos
1031 4286 1320 4307 ........
1348 4241 1406 4296 300
