<?xml version="1.0" encoding="UTF-8"?>
<!DOCTYPE html PUBLIC "-//W3C//DTD XHTML 1.0 Transitional//EN"
    "http://www.w3.org/TR/xhtml1/DTD/xhtml1-transitional.dtd">
<html xmlns="http://www.w3.org/1999/xhtml" xml:lang="en" lang="en">
 <head>
  <title>
</title>
<meta http-equiv="Content-Type" content="text/html;charset=utf-8" />
  <meta name='ocr-system' content='tesseract 3.04.00' />
  <meta name='ocr-capabilities' content='ocr_page ocr_carea ocr_par ocr_line ocrx_word'/>
</head>
<body>
  <div class='ocr_page' id='page_1' title='image "./pharmocopoeaned00zakegoog_0295.png"; bbox 0 0 3582 5034; ppageno 0'>
   <div class='ocr_carea' id='block_1_1' title="bbox 875 525 939 590">
    <p class='ocr_par' dir='ltr' id='par_1_1' title="bbox 875 525 939 590">
     <span class='ocr_line' id='line_1_1' title="bbox 875 525 939 590; baseline 0 -1"><span class='ocrx_word' id='word_1_1' title='bbox 875 525 939 590; x_wconf 77' lang='lat'>264</span> 
     </span>
    </p>
   </div>
   <div class='ocr_carea' id='block_1_2' title="bbox 319 717 1471 1232">
    <p class='ocr_par' dir='ltr' id='par_1_2' title="bbox 340 717 1470 1018">
     <span class='ocr_line' id='line_1_2' title="bbox 387 717 1469 806; baseline -0.001 -22"><span class='ocrx_word' id='word_1_2' title='bbox 387 719 504 785; x_wconf 90' lang='lat' dir='ltr'>Oleum</span> <span class='ocrx_word' id='word_1_3' title='bbox 537 717 704 806; x_wconf 84' lang='lat' dir='ltr'>Cejnputi,</span> <span class='ocrx_word' id='word_1_4' title='bbox 740 719 855 785; x_wconf 87' lang='lat' dir='ltr'>eddito</span> <span class='ocrx_word' id='word_1_5' title='bbox 890 721 1010 806; x_wconf 87' lang='lat' dir='ltr'>spiritu</span> <span class='ocrx_word' id='word_1_6' title='bbox 1043 741 1104 805; x_wconf 89' lang='lat' dir='ltr'>pro</span> <span class='ocrx_word' id='word_1_7' title='bbox 1135 719 1284 805; x_wconf 85' lang='lat' dir='ltr'>quelibet</span> <span class='ocrx_word' id='word_1_8' title='bbox 1307 719 1469 804; x_wconf 79' lang='lat' dir='ltr'>portione,</span> 
     </span>
     <span class='ocr_line' id='line_1_3' title="bbox 340 825 1470 911; baseline 0.001 -21"><span class='ocrx_word' id='word_1_9' title='bbox 340 827 446 891; x_wconf 78' lang='lat' dir='ltr'>mixte</span> <span class='ocrx_word' id='word_1_10' title='bbox 469 826 557 891; x_wconf 83' lang='lat' dir='ltr'>clere</span> <span class='ocrx_word' id='word_1_11' title='bbox 580 825 746 911; x_wconf 74' lang='lat' dir='ltr'>praebeat.</span> <span class='ocrx_word' id='word_1_12' title='bbox 771 826 895 891; x_wconf 76' lang='lat' dir='ltr'>Guttae</span> <span class='ocrx_word' id='word_1_13' title='bbox 917 827 953 889; x_wconf 91' lang='lat' dir='ltr'>in</span> <span class='ocrx_word' id='word_1_14' title='bbox 968 826 1119 891; x_wconf 78' lang='lat' dir='ltr'>chortem</span> <span class='ocrx_word' id='word_1_15' title='bbox 1131 825 1470 891; x_wconf 84' lang='lat' dir='ltr'>bibuleminstillstee</span> 
     </span>
     <span class='ocr_line' id='line_1_4' title="bbox 340 932 1470 1018; baseline 0.001 -22"><span class='ocrx_word' id='word_1_16' title='bbox 340 937 383 1011; x_wconf 90' lang='lat' dir='ltr'>et,</span> <span class='ocrx_word' id='word_1_17' title='bbox 407 933 517 998; x_wconf 80' lang='lat' dir='ltr'>colore</span> <span class='ocrx_word' id='word_1_18' title='bbox 539 954 607 996; x_wconf 93' lang='lat' dir='ltr'>non</span> <span class='ocrx_word' id='word_1_19' title='bbox 623 932 784 1012; x_wconf 87' lang='lat' dir='ltr'>edhibito,</span> <span class='ocrx_word' id='word_1_20' title='bbox 798 938 997 1018; x_wconf 81' lang='lat' dir='ltr'>eveporotee</span> <span class='ocrx_word' id='word_1_21' title='bbox 1009 932 1171 997; x_wconf 78' lang='lat' dir='ltr'><strong>maculam</strong></span> <span class='ocrx_word' id='word_1_22' title='bbox 1182 932 1372 1018; x_wconf 78' lang='lat' dir='ltr'>relinquant</span> <span class='ocrx_word' id='word_1_23' title='bbox 1384 933 1470 1010; x_wconf 87' lang='lat' dir='ltr'>licet,</span> 
     </span>
    </p>

    <p class='ocr_par' dir='ltr' id='par_1_3' title="bbox 319 1039 1471 1232">
     <span class='ocr_line' id='line_1_5' title="bbox 319 1039 1471 1126; baseline 0 -23"><span class='ocrx_word' id='word_1_24' title='bbox 319 1073 323 1082; x_wconf 95' lang='lat'>·</span> <span class='ocrx_word' id='word_1_25' title='bbox 340 1061 433 1126; x_wconf 85' lang='lat' dir='ltr'>quoe,</span> <span class='ocrx_word' id='word_1_26' title='bbox 446 1044 485 1103; x_wconf 90' lang='lat' dir='ltr'>ut</span> <span class='ocrx_word' id='word_1_27' title='bbox 497 1061 612 1125; x_wconf 85' lang='lat' dir='ltr'>mergo</span> <span class='ocrx_word' id='word_1_28' title='bbox 620 1040 764 1106; x_wconf 88' lang='lat' dir='ltr'>colorem</span> <span class='ocrx_word' id='word_1_29' title='bbox 776 1040 899 1117; x_wconf 80' lang='lat' dir='ltr'>trehet,</span> <span class='ocrx_word' id='word_1_30' title='bbox 912 1044 1022 1104; x_wconf 85' lang='lat' dir='ltr'>temen</span> <span class='ocrx_word' id='word_1_31' title='bbox 1034 1039 1106 1104; x_wconf 87' lang='lat' dir='ltr'>luce</span> <span class='ocrx_word' id='word_1_32' title='bbox 1118 1060 1201 1102; x_wconf 87' lang='lat' dir='ltr'>neve</span> <span class='ocrx_word' id='word_1_33' title='bbox 1212 1039 1380 1103; x_wconf 75' lang='lat' dir='ltr'>incidente</span> <span class='ocrx_word' id='word_1_34' title='bbox 1388 1060 1471 1104; x_wconf 86' lang='lat' dir='ltr'>neve</span> 
     </span>
     <span class='ocr_line' id='line_1_6' title="bbox 340 1147 1399 1232; baseline 0 -22"><span class='ocrx_word' id='word_1_35' title='bbox 340 1151 534 1211; x_wconf 76' lang='lat' dir='ltr'>transeunte</span> <span class='ocrx_word' id='word_1_36' title='bbox 558 1147 726 1232; x_wconf 84' lang='lat' dir='ltr'>perlucide</span> <span class='ocrx_word' id='word_1_37' title='bbox 749 1147 803 1211; x_wconf 84' lang='lat' dir='ltr'>sit.</span> <span class='ocrx_word' id='word_1_38' title='bbox 1397 1161 1399 1166; x_wconf 82' lang='lat'>&#39;</span> 
     </span>
    </p>
   </div>
   <div class='ocr_carea' id='block_1_3' title="bbox 804 1373 1008 1383">
    <p class='ocr_par' dir='ltr' id='par_1_4' title="bbox 804 1373 1008 1383">
     <span class='ocr_line' id='line_1_7' title="bbox 804 1373 1008 1383; baseline -0.01 0"><span class='ocrx_word' id='word_1_39' title='bbox 804 1373 1008 1383; x_wconf 68' lang='lat' dir='ltr'>au———n——a</span> 
     </span>
    </p>
   </div>
   <div class='ocr_carea' id='block_1_4' title="bbox 458 1526 1267 1648">
    <p class='ocr_par' dir='ltr' id='par_1_5' title="bbox 458 1526 1267 1648">
     <span class='ocr_line' id='line_1_8' title="bbox 458 1526 1267 1648; baseline -0.005 -24"><span class='ocrx_word' id='word_1_40' title='bbox 458 1526 508 1623; x_wconf 87' lang='lat'>÷</span> <span class='ocrx_word' id='word_1_41' title='bbox 542 1528 724 1624; x_wconf 77' lang='lat' dir='ltr'>oleum</span> <span class='ocrx_word' id='word_1_42' title='bbox 759 1526 1267 1648; x_wconf 75' lang='lat' dir='ltr'>caryoptyllorum.</span> 
     </span>
    </p>
   </div>
   <div class='ocr_carea' id='block_1_5' title="bbox 339 1703 1471 1899">
    <p class='ocr_par' dir='ltr' id='par_1_6' title="bbox 339 1703 1471 1899">
     <span class='ocr_line' id='line_1_9' title="bbox 383 1703 1471 1792; baseline -0.003 -20"><span class='ocrx_word' id='word_1_43' title='bbox 383 1707 502 1772; x_wconf 89' lang='lat' dir='ltr'>Oleum</span> <span class='ocrx_word' id='word_1_44' title='bbox 532 1706 668 1772; x_wconf 78' lang='lat' dir='ltr'>volatile</span> <span class='ocrx_word' id='word_1_45' title='bbox 698 1706 923 1770; x_wconf 79' lang='lat' dir='ltr'>destillatione</span> <span class='ocrx_word' id='word_1_46' title='bbox 954 1726 1011 1790; x_wconf 88' lang='lat' dir='ltr'>per</span> <span class='ocrx_word' id='word_1_47' title='bbox 1041 1726 1161 1790; x_wconf 81' lang='lat' dir='ltr'>equom</span> <span class='ocrx_word' id='word_1_48' title='bbox 1192 1703 1471 1792; x_wconf 82' lang='lat' dir='ltr'>eOuryophyllis</span> 
     </span>
     <span class='ocr_line' id='line_1_10' title="bbox 339 1819 504 1899; baseline 0 -21"><span class='ocrx_word' id='word_1_49' title='bbox 339 1819 504 1899; x_wconf 81' lang='lat' dir='ltr'>peretum.</span> 
     </span>
    </p>
   </div>
   <div class='ocr_carea' id='block_1_6' title="bbox 288 1972 1471 3000">
    <p class='ocr_par' dir='ltr' id='par_1_7' title="bbox 288 1972 1470 2274">
     <span class='ocr_line' id='line_1_11' title="bbox 382 1972 1468 2059; baseline 0 -21"><span class='ocrx_word' id='word_1_50' title='bbox 382 1975 509 2039; x_wconf 82' lang='lat' dir='ltr'>Recens</span> <span class='ocrx_word' id='word_1_51' title='bbox 520 1978 675 2058; x_wconf 83' lang='lat' dir='ltr'>peretum</span> <span class='ocrx_word' id='word_1_52' title='bbox 693 1974 814 2039; x_wconf 88' lang='lat' dir='ltr'>coloris</span> <span class='ocrx_word' id='word_1_53' title='bbox 826 1972 897 2038; x_wconf 85' lang='lat' dir='ltr'>fere</span> <span class='ocrx_word' id='word_1_54' title='bbox 909 1993 1036 2059; x_wconf 87' lang='lat' dir='ltr'>expers,</span> <span class='ocrx_word' id='word_1_55' title='bbox 1049 1994 1125 2037; x_wconf 85' lang='lat' dir='ltr'>eere</span> <span class='ocrx_word' id='word_1_56' title='bbox 1137 1973 1298 2059; x_wconf 78' lang='lat' dir='ltr'>paulatim</span> <span class='ocrx_word' id='word_1_57' title='bbox 1310 1973 1468 2050; x_wconf 81' lang='lat' dir='ltr'>flavescit,</span> 
     </span>
     <span class='ocr_line' id='line_1_12' title="bbox 337 2079 1470 2166; baseline 0 -22"><span class='ocrx_word' id='word_1_58' title='bbox 337 2081 479 2166; x_wconf 88' lang='lat' dir='ltr'>denique</span> <span class='ocrx_word' id='word_1_59' title='bbox 502 2080 646 2146; x_wconf 89' lang='lat' dir='ltr'>colorem</span> <span class='ocrx_word' id='word_1_60' title='bbox 667 2080 903 2146; x_wconf 83' lang='lat' dir='ltr'>rubroiuscum</span> <span class='ocrx_word' id='word_1_61' title='bbox 929 2080 1044 2145; x_wconf 84' lang='lat' dir='ltr'>trehit.</span> <span class='ocrx_word' id='word_1_62' title='bbox 1069 2079 1177 2165; x_wconf 79' lang='lat' dir='ltr'>Sapor</span> <span class='ocrx_word' id='word_1_63' title='bbox 1199 2080 1321 2145; x_wconf 78' lang='lat' dir='ltr'>acriter</span> <span class='ocrx_word' id='word_1_64' title='bbox 1342 2101 1470 2145; x_wconf 80' lang='lat' dir='ltr'>erome-</span> 
     </span>
     <span class='ocr_line' id='line_1_13' title="bbox 288 2187 1285 2274; baseline 0 -22"><span class='ocrx_word' id='word_1_65' title='bbox 288 2271 289 2274; x_wconf 63' lang='lat'>,</span> <span class='ocrx_word' id='word_1_66' title='bbox 337 2188 434 2254; x_wconf 87' lang='lat' dir='ltr'>ticus.</span> <span class='ocrx_word' id='word_1_67' title='bbox 459 2187 594 2252; x_wconf 90' lang='lat' dir='ltr'>Pondus</span> <span class='ocrx_word' id='word_1_68' title='bbox 617 2187 805 2271; x_wconf 87' lang='lat' dir='ltr'>specificum</span> <span class='ocrx_word' id='word_1_69' title='bbox 828 2210 897 2252; x_wconf 91' lang='lat' dir='ltr'>non</span> <span class='ocrx_word' id='word_1_70' title='bbox 920 2187 1030 2268; x_wconf 88' lang='lat' dir='ltr'>minus</span> <span class='ocrx_word' id='word_1_71' title='bbox 1053 2209 1153 2273; x_wconf 85' lang='lat' dir='ltr'>quem</span> <span class='ocrx_word' id='word_1_72' title='bbox 1178 2189 1285 2269; x_wconf 86' lang='lat'>1,050.</span> 
     </span>
    </p>

    <p class='ocr_par' dir='ltr' id='par_1_8' title="bbox 336 2293 1471 2699">
     <span class='ocr_line' id='line_1_14' title="bbox 381 2293 1470 2378; baseline 0.001 -20"><span class='ocrx_word' id='word_1_73' title='bbox 381 2295 422 2358; x_wconf 90' lang='lat' dir='ltr'>In</span> <span class='ocrx_word' id='word_1_74' title='bbox 446 2293 567 2378; x_wconf 88' lang='lat' dir='ltr'>spiritu</span> <span class='ocrx_word' id='word_1_75' title='bbox 578 2295 612 2375; x_wconf 89' lang='lat'>(1</span> <span class='ocrx_word' id='word_1_76' title='bbox 631 2319 665 2353; x_wconf 92' lang='lat'><strong><em>=</em></strong></span> <span class='ocrx_word' id='word_1_77' title='bbox 683 2294 740 2377; x_wconf 80' lang='lat'>20)</span> <span class='ocrx_word' id='word_1_78' title='bbox 751 2294 907 2372; x_wconf 87' lang='lat' dir='ltr'>solutum,</span> <span class='ocrx_word' id='word_1_79' title='bbox 927 2293 1042 2359; x_wconf 79' lang='lat' dir='ltr'>addito</span> <span class='ocrx_word' id='word_1_80' title='bbox 1054 2295 1203 2359; x_wconf 87' lang='lat' dir='ltr'>chloreto</span> <span class='ocrx_word' id='word_1_81' title='bbox 1215 2293 1345 2372; x_wconf 80' lang='lat' dir='ltr'>ferricO,</span> <span class='ocrx_word' id='word_1_82' title='bbox 1358 2315 1470 2360; x_wconf 81' lang='lat' dir='ltr'>coeru-</span> 
     </span>
     <span class='ocr_line' id='line_1_15' title="bbox 337 2398 1471 2487; baseline 0.002 -23"><span class='ocrx_word' id='word_1_83' title='bbox 337 2401 426 2465; x_wconf 87' lang='lat' dir='ltr'>leum</span> <span class='ocrx_word' id='word_1_84' title='bbox 449 2401 497 2465; x_wconf 89' lang='lat' dir='ltr'>fit.</span> <span class='ocrx_word' id='word_1_85' title='bbox 533 2400 651 2465; x_wconf 89' lang='lat' dir='ltr'>Oleum</span> <span class='ocrx_word' id='word_1_86' title='bbox 683 2398 996 2487; x_wconf 84' lang='lat' dir='ltr'>Oeryophyllorum,</span> <span class='ocrx_word' id='word_1_87' title='bbox 1021 2422 1096 2466; x_wconf 91' lang='lat' dir='ltr'>cum</span> <span class='ocrx_word' id='word_1_88' title='bbox 1118 2401 1294 2467; x_wconf 88' lang='lat' dir='ltr'>solutionis</span> <span class='ocrx_word' id='word_1_89' title='bbox 1318 2401 1471 2486; x_wconf 83' lang='lat' dir='ltr'>hydrntis</span> 
     </span>
     <span class='ocr_line' id='line_1_16' title="bbox 336 2506 1468 2594; baseline 0 -23"><span class='ocrx_word' id='word_1_90' title='bbox 336 2507 457 2572; x_wconf 80' lang='lat' dir='ltr'>notrici</span> <span class='ocrx_word' id='word_1_91' title='bbox 478 2508 550 2592; x_wconf 84' lang='lat' dir='ltr'>pori</span> <span class='ocrx_word' id='word_1_92' title='bbox 574 2507 742 2572; x_wconf 89' lang='lat' dir='ltr'>volumine</span> <span class='ocrx_word' id='word_1_93' title='bbox 764 2513 1030 2594; x_wconf 74' lang='lat' dir='ltr'>conquassatum,</span> <span class='ocrx_word' id='word_1_94' title='bbox 1055 2529 1165 2573; x_wconf 83' lang='lat' dir='ltr'>mosee</span> <span class='ocrx_word' id='word_1_95' title='bbox 1177 2508 1295 2586; x_wconf 78' lang='lat' dir='ltr'>mollio,</span> <span class='ocrx_word' id='word_1_96' title='bbox 1309 2506 1468 2584; x_wconf 78' lang='lat' dir='ltr'>subflavo,</span> 
     </span>
     <span class='ocr_line' id='line_1_17' title="bbox 337 2614 623 2699; baseline 0 -20"><span class='ocrx_word' id='word_1_97' title='bbox 337 2614 532 2699; x_wconf 75' lang='lat' dir='ltr'>crystallino</span> <span class='ocrx_word' id='word_1_98' title='bbox 553 2614 623 2679; x_wconf 86' lang='lat' dir='ltr'>fiet.</span> 
     </span>
    </p>

    <p class='ocr_par' dir='ltr' id='par_1_9' title="bbox 337 2717 1470 3000">
     <span class='ocr_line' id='line_1_18' title="bbox 382 2717 1470 2807; baseline -0.001 -23"><span class='ocrx_word' id='word_1_99' title='bbox 382 2719 502 2784; x_wconf 90' lang='lat' dir='ltr'>Oleum</span> <span class='ocrx_word' id='word_1_100' title='bbox 526 2717 838 2807; x_wconf 84' lang='lat' dir='ltr'>Coryophyllormn,</span> <span class='ocrx_word' id='word_1_101' title='bbox 863 2721 978 2786; x_wconf 82' lang='lat' dir='ltr'>addito</span> <span class='ocrx_word' id='word_1_102' title='bbox 1002 2721 1124 2807; x_wconf 87' lang='lat' dir='ltr'>spiritu</span> <span class='ocrx_word' id='word_1_103' title='bbox 1147 2743 1207 2807; x_wconf 90' lang='lat' dir='ltr'>pro</span> <span class='ocrx_word' id='word_1_104' title='bbox 1231 2720 1379 2806; x_wconf 80' lang='lat' dir='ltr'>quolibet</span> <span class='ocrx_word' id='word_1_105' title='bbox 1394 2739 1470 2805; x_wconf 86' lang='lat' dir='ltr'>por-</span> 
     </span>
     <span class='ocr_line' id='line_1_19' title="bbox 337 2826 1469 2914; baseline 0 -24"><span class='ocrx_word' id='word_1_106' title='bbox 337 2826 440 2909; x_wconf 82' lang='lat' dir='ltr'>tione,</span> <span class='ocrx_word' id='word_1_107' title='bbox 462 2828 568 2893; x_wconf 85' lang='lat' dir='ltr'>mixts</span> <span class='ocrx_word' id='word_1_108' title='bbox 590 2828 680 2893; x_wconf 84' lang='lat' dir='ltr'>clere</span> <span class='ocrx_word' id='word_1_109' title='bbox 702 2828 860 2914; x_wconf 80' lang='lat' dir='ltr'>praebeat</span> <span class='ocrx_word' id='word_1_110' title='bbox 883 2833 917 2892; x_wconf 89' lang='lat' dir='ltr'>et</span> <span class='ocrx_word' id='word_1_111' title='bbox 935 2829 971 2892; x_wconf 92' lang='lat' dir='ltr'>in</span> <span class='ocrx_word' id='word_1_112' title='bbox 984 2829 1122 2913; x_wconf 84' lang='lat' dir='ltr'>spiritus</span> <span class='ocrx_word' id='word_1_113' title='bbox 1134 2827 1233 2892; x_wconf 90' lang='lat' dir='ltr'>diluti</span> <span class='ocrx_word' id='word_1_114' title='bbox 1244 2827 1469 2893; x_wconf 85' lang='lat' dir='ltr'>voluminibus</span> 
     </span>
     <span class='ocr_line' id='line_1_20' title="bbox 339 2934 543 3000; baseline 0.02 -4"><span class='ocrx_word' id='word_1_115' title='bbox 339 2935 357 2996; x_wconf 81' lang='lat'>2</span> <span class='ocrx_word' id='word_1_116' title='bbox 382 2934 543 3000; x_wconf 81' lang='lat' dir='ltr'>solvetur.</span> 
     </span>
    </p>
   </div>
   <div class='ocr_carea' id='block_1_7' title="bbox 804 3104 1008 3119">
    <p class='ocr_par' dir='ltr' id='par_1_10' title="bbox 804 3104 1008 3119">
     <span class='ocr_line' id='line_1_21' title="bbox 804 3104 1008 3119; baseline -0.005 0"><span class='ocrx_word' id='word_1_117' title='bbox 804 3104 1008 3119; x_wconf 66' lang='grc' dir='ltr'>-ι-ιι-ί--ι</span> 
     </span>
    </p>
   </div>
   <div class='ocr_carea' id='block_1_8' title="bbox 527 3260 1184 3358">
    <p class='ocr_par' dir='ltr' id='par_1_11' title="bbox 527 3260 1184 3358">
     <span class='ocr_line' id='line_1_22' title="bbox 527 3260 1184 3358; baseline 0 -1"><span class='ocrx_word' id='word_1_118' title='bbox 527 3260 578 3357; x_wconf 91' lang='grc' dir='ltr'>·Ι·</span> <span class='ocrx_word' id='word_1_119' title='bbox 617 3263 798 3358; x_wconf 77' lang='lat' dir='ltr'>Oleum</span> <span class='ocrx_word' id='word_1_120' title='bbox 834 3262 1184 3358; x_wconf 75' lang='lat' dir='ltr'>cinnamomi.</span> 
     </span>
    </p>
   </div>
   <div class='ocr_carea' id='block_1_9' title="bbox 336 3439 1469 3632">
    <p class='ocr_par' dir='ltr' id='par_1_12' title="bbox 336 3439 1469 3632">
     <span class='ocr_line' id='line_1_23' title="bbox 381 3439 1469 3528; baseline -0.001 -22"><span class='ocrx_word' id='word_1_121' title='bbox 381 3441 499 3506; x_wconf 90' lang='lat' dir='ltr'>Oleum</span> <span class='ocrx_word' id='word_1_122' title='bbox 521 3441 657 3506; x_wconf 86' lang='lat' dir='ltr'>volotile</span> <span class='ocrx_word' id='word_1_123' title='bbox 679 3441 905 3507; x_wconf 79' lang='lat' dir='ltr'>destillatione</span> <span class='ocrx_word' id='word_1_124' title='bbox 928 3463 987 3526; x_wconf 87' lang='lat' dir='ltr'>per</span> <span class='ocrx_word' id='word_1_125' title='bbox 1009 3463 1128 3528; x_wconf 81' lang='lat' dir='ltr'>equom</span> <span class='ocrx_word' id='word_1_126' title='bbox 1151 3463 1169 3505; x_wconf 92' lang='lat' dir='ltr'>e</span> <span class='ocrx_word' id='word_1_127' title='bbox 1193 3440 1326 3508; x_wconf 78' lang='lat' dir='ltr'>Cortice</span> <span class='ocrx_word' id='word_1_128' title='bbox 1346 3439 1469 3507; x_wconf 81' lang='lat' dir='ltr'>Cinne-</span> 
     </span>
     <span class='ocr_line' id='line_1_24' title="bbox 336 3547 623 3632; baseline 0 -20"><span class='ocrx_word' id='word_1_129' title='bbox 336 3547 437 3612; x_wconf 91' lang='lat' dir='ltr'>momi</span> <span class='ocrx_word' id='word_1_130' title='bbox 460 3552 623 3632; x_wconf 79' lang='lat' dir='ltr'>peretum.</span> 
     </span>
    </p>
   </div>
   <div class='ocr_carea' id='block_1_10' title="bbox 334 3708 1469 4309">
    <p class='ocr_par' dir='ltr' id='par_1_13' title="bbox 334 3708 1469 4309">
     <span class='ocr_line' id='line_1_25' title="bbox 379 3708 1469 3795; baseline 0.002 -23"><span class='ocrx_word' id='word_1_131' title='bbox 379 3708 507 3774; x_wconf 88' lang='lat' dir='ltr'>Recens</span> <span class='ocrx_word' id='word_1_132' title='bbox 541 3714 695 3794; x_wconf 85' lang='lat' dir='ltr'>peretum</span> <span class='ocrx_word' id='word_1_133' title='bbox 725 3710 860 3788; x_wconf 83' lang='lat' dir='ltr'>flevum,</span> <span class='ocrx_word' id='word_1_134' title='bbox 896 3731 971 3774; x_wconf 85' lang='lat' dir='ltr'>eere</span> <span class='ocrx_word' id='word_1_135' title='bbox 1006 3710 1168 3795; x_wconf 80' lang='lat' dir='ltr'>paulatim</span> <span class='ocrx_word' id='word_1_136' title='bbox 1197 3710 1342 3775; x_wconf 88' lang='lat' dir='ltr'>colorem</span> <span class='ocrx_word' id='word_1_137' title='bbox 1365 3709 1469 3774; x_wconf 85' lang='lat' dir='ltr'>trehit</span> 
     </span>
     <span class='ocr_line' id='line_1_26' title="bbox 335 3815 1468 3902; baseline 0.001 -24"><span class='ocrx_word' id='word_1_138' title='bbox 335 3815 562 3880; x_wconf 87' lang='lat' dir='ltr'>flevorubrum</span> <span class='ocrx_word' id='word_1_139' title='bbox 595 3817 649 3880; x_wconf 89' lang='lat' dir='ltr'>vel</span> <span class='ocrx_word' id='word_1_140' title='bbox 683 3815 878 3882; x_wconf 77' lang='lat' dir='ltr'>subfuscum</span> <span class='ocrx_word' id='word_1_141' title='bbox 913 3822 946 3881; x_wconf 90' lang='lat' dir='ltr'>et</span> <span class='ocrx_word' id='word_1_142' title='bbox 979 3816 1102 3882; x_wconf 88' lang='lat' dir='ltr'>lentius</span> <span class='ocrx_word' id='word_1_143' title='bbox 1128 3817 1213 3882; x_wconf 87' lang='lat' dir='ltr'>fluit.</span> <span class='ocrx_word' id='word_1_144' title='bbox 1246 3817 1354 3902; x_wconf 82' lang='lat' dir='ltr'>Sopor</span> <span class='ocrx_word' id='word_1_145' title='bbox 1375 3817 1468 3902; x_wconf 90' lang='lat' dir='ltr'>prius</span> 
     </span>
     <span class='ocr_line' id='line_1_27' title="bbox 334 3921 1467 4008; baseline 0 -23"><span class='ocrx_word' id='word_1_146' title='bbox 334 3921 555 4000; x_wconf 87' lang='lat' dir='ltr'>dulcissimus,</span> <span class='ocrx_word' id='word_1_147' title='bbox 580 3923 699 3988; x_wconf 90' lang='lat' dir='ltr'>deinde</span> <span class='ocrx_word' id='word_1_148' title='bbox 722 3927 858 3988; x_wconf 88' lang='lat' dir='ltr'>urenter</span> <span class='ocrx_word' id='word_1_149' title='bbox 879 3923 1090 3989; x_wconf 76' lang='lat' dir='ltr'>aromaticus.</span> <span class='ocrx_word' id='word_1_150' title='bbox 1123 3924 1258 3988; x_wconf 91' lang='lat' dir='ltr'>Pondus</span> <span class='ocrx_word' id='word_1_151' title='bbox 1281 3922 1467 4008; x_wconf 88' lang='lat' dir='ltr'>specificum</span> 
     </span>
     <span class='ocr_line' id='line_1_28' title="bbox 338 4028 1466 4115; baseline -0.002 -23"><span class='ocrx_word' id='word_1_152' title='bbox 338 4031 434 4106; x_wconf 78' lang='lat'>1‚025</span> <span class='ocrx_word' id='word_1_153' title='bbox 447 4029 489 4093; x_wconf 85' lang='lat' dir='ltr'>od</span> <span class='ocrx_word' id='word_1_154' title='bbox 503 4032 610 4107; x_wconf 83' lang='lat'>1,040.</span> <span class='ocrx_word' id='word_1_155' title='bbox 624 4030 732 4095; x_wconf 81' lang='lat' dir='ltr'>Maior</span> <span class='ocrx_word' id='word_1_156' title='bbox 743 4053 821 4115; x_wconf 84' lang='lat' dir='ltr'>pers</span> <span class='ocrx_word' id='word_1_157' title='bbox 836 4030 956 4095; x_wconf 84' lang='lat' dir='ltr'>coloris</span> <span class='ocrx_word' id='word_1_158' title='bbox 967 4031 1074 4115; x_wconf 82' lang='lat' dir='ltr'>gredu</span> <span class='ocrx_word' id='word_1_159' title='bbox 1086 4029 1156 4095; x_wconf 86' lang='lat' dir='ltr'>fere</span> <span class='ocrx_word' id='word_1_160' title='bbox 1170 4031 1251 4096; x_wconf 84' lang='lat'>250⁰</span> <span class='ocrx_word' id='word_1_161' title='bbox 1261 4028 1466 4105; x_wconf 78' lang='lat' dir='ltr'>destillatur;</span> 
     </span>
     <span class='ocr_line' id='line_1_29' title="bbox 334 4135 1468 4224; baseline -0.003 -24"><span class='ocrx_word' id='word_1_162' title='bbox 334 4136 503 4201; x_wconf 86' lang='lat' dir='ltr'>residuum</span> <span class='ocrx_word' id='word_1_163' title='bbox 533 4158 602 4201; x_wconf 93' lang='lat' dir='ltr'>non</span> <span class='ocrx_word' id='word_1_164' title='bbox 631 4138 766 4202; x_wconf 83' lang='lat' dir='ltr'>volatile</span> <span class='ocrx_word' id='word_1_165' title='bbox 789 4159 831 4202; x_wconf 89' lang='lat' dir='ltr'>ne</span> <span class='ocrx_word' id='word_1_166' title='bbox 853 4139 928 4224; x_wconf 90' lang='lat' dir='ltr'>plus</span> <span class='ocrx_word' id='word_1_167' title='bbox 951 4159 1050 4224; x_wconf 83' lang='lat' dir='ltr'>quom</span> <span class='ocrx_word' id='word_1_168' title='bbox 1074 4139 1138 4203; x_wconf 92' lang='lat' dir='ltr'>olei</span> <span class='ocrx_word' id='word_1_169' title='bbox 1161 4138 1306 4223; x_wconf 81' lang='lat' dir='ltr'>partium</span> <span class='ocrx_word' id='word_1_170' title='bbox 1328 4135 1468 4201; x_wconf 84' lang='lat' dir='ltr'>centesi-</span> 
     </span>
     <span class='ocr_line' id='line_1_30' title="bbox 336 4229 1263 4309; baseline 0.003 -3"><span class='ocrx_word' id='word_1_171' title='bbox 336 4264 463 4306; x_wconf 79' lang='lat' dir='ltr'>marum</span> <span class='ocrx_word' id='word_1_172' title='bbox 489 4245 530 4306; x_wconf 93' lang='grc'>10</span> <span class='ocrx_word' id='word_1_173' title='bbox 554 4244 607 4309; x_wconf 91' lang='lat' dir='ltr'>sit.</span> <span class='ocrx_word' id='word_1_174' title='bbox 1260 4229 1263 4236; x_wconf 87' lang='lat'><em>.</em></span> 
     </span>
    </p>
   </div>
   <div class='ocr_carea' id='block_1_11' title="bbox 0 0 1796 5034">
    <p class='ocr_par' dir='ltr' id='par_1_14' title="bbox 0 0 1796 5034">
     <span class='ocr_line' id='line_1_31' title="bbox 0 0 1796 5034; baseline 0 2"><span class='ocrx_word' id='word_1_175' title='bbox 0 0 1796 5034; x_wconf 95' lang='lat' dir='ltr'> </span> 
     </span>
    </p>
   </div>
  </div>
 </body>
</html>
