3544 5050
864 535 929 598 382

386 727 1317 826 -Ι-8111ῐὶ010011111111011101

371 926 520 992 Acetatis
555 925 723 990 aluminici
758 924 861 989 basici
897 930 1009 1009 partes
1046 925 1098 1004 7,5
1129 925 1174 990 ad
1204 928 1258 1002 8,0
1289 926 1324 990 in
1354 948 1460 1012 equae

329 1033 481 1119 partibus
505 1036 580 1112 92,5
604 1032 646 1097 ad
671 1034 747 1110 92,0
771 1032 910 1097 solutae.

375 1176 475 1241 Solve

427 1289 562 1340 'uitatis
587 1287 754 1340 aluminici
775 1288 910 1359 partes
931 1283 1107 1358 triginta
1121 1326 1366 1343 .......
1424 1285 1463 1342 30

330 1403 365 1444 1n

427 1494 538 1556 Aquas
563 1486 747 1564 partibus
768 1487 977 1562 octoginta
997 1531 1365 1547 ..........
1423 1489 1462 1546 80

374 1584 438 1648 Η11
461 1583 547 1647 adde

426 1691 1089 1767 111111010010011010101111111
1115 1737 1360 1752 .......
1422 1693 1459 1750 36

329 1788 447 1853 deinde
471 1789 640 1873 paulatim,
665 1787 797 1853 assidue
820 1790 963 1874 agitans,

427 1901 616 1953 carbomtis
639 1900 749 1952 0110101
770 1903 906 1973 partes
927 1895 1118 1954 tredecim
1121 1941 1363 1956 .......
1425 1898 1460 1956 13

331 1993 454 2058 mixtas

427 2109 538 2169 Aquae
559 2099 743 2176 partibus
766 2100 914 2176 viginti
923 2145 1366 2160 ............
1424 2103 1462 2161 20

374 2217 479 2280 Mixta
501 2237 600 2302 saepe
622 2237 785 2302 quassans
808 2237 931 2302 sepone
944 2239 1003 2302 per
1019 2218 1117 2281 horas
1131 2219 1191 2296 24;
1204 2218 1285 2295 cola,
1301 2217 1458 2302 exprime,

329 2323 427 2387 filtra.

372 2430 497 2516 Liquor
529 2429 650 2495 coloris
685 2451 813 2514 expers,
849 2430 967 2508 clarus,
1004 2431 1134 2496 acidum
1157 2431 1321 2496 aceticum
1341 2431 1461 2496 leviter

327 2536 489 2615 redolens,
502 2536 682 2602 reactionis
694 2536 817 2601 acidae.
835 2537 969 2602 Pondus
982 2537 1171 2622 specificum
1184 2539 1282 2616 1,044
1293 2537 1335 2601 ad
1350 2539 1457 2616 1‚046.

373 2643 556 2708 Solutionis
584 2643 734 2708 Acetatis
756 2644 925 2709 aluminici
948 2644 1154 2710 centimetris
1177 2643 1301 2709 cubicis
1327 2647 1377 2720 10,
1402 2644 1459 2708 ad-

325 2750 406 2815 ditis
441 2749 575 2814 suliatis
609 2750 711 2815 kalici
741 2751 1021 2836 milligrammatis
1054 2754 1127 2828 200,
1151 2752 1188 2816 in
1211 2750 1330 2816 balneo
1353 2771 1457 2835 aquae

325 2855 504 2935 calefactis,
529 2858 635 2922 mixta
657 2862 874 2922 concrescunt
897 2859 932 2921 in
955 2858 1146 2943 gelatinam,
1163 2856 1458 2943 quaerefrigerata

327 2965 436 3028 denuo
459 2964 494 3027 in
518 2963 678 3049 liquorem
702 2964 827 3029 clarum
851 2965 984 3030 transit.

371 3071 501 3135 Solutio
514 3070 663 3135 Acetatis
683 3070 853 3136 aluminici
873 3073 1010 3156 spiritus
1030 3071 1199 3136 volumine
1217 3069 1341 3155 duplici
1354 3069 1459 3135 mixtu

327 3181 458 3242 tantum
481 3177 659 3261 opalescat,
684 3199 726 3242 ne
750 3183 861 3245 tamen
885 3179 1139 3264 praecipitatum
1162 3177 1319 3262 deponat.

370 3285 555 3348 Solutionis
590 3285 739 3349 Acetatis
774 3285 942 3350 aluminici
965 3286 1162 3350 centimetra
1190 3284 1305 3350 cubica
1329 3287 1348 3348 5
1372 3283 1457 3349 acidi

325 3391 571 3476 hydrochlorici
594 3392 701 3475 guttis
724 3395 744 3456 3
779 3393 893 3469 mixta,
918 3391 1033 3457 addito
1056 3391 1151 3457 acido
1175 3389 1455 3477 hydrosuliurico,

327 3497 470 3582 speciem
492 3521 534 3562 ne
558 3503 698 3564 mutent.

369 3605 554 3670 Solutionis
578 3606 727 3670 Acetatis
750 3605 919 3670 aluminici
938 3604 1134 3670 centimetra
1151 3603 1266 3670 cubica
1281 3606 1330 3680 10,
1344 3604 1458 3668 addita

325 3713 510 3776 ammoniae
551 3713 740 3797 quantitate
778 3711 961 3789 excedenti,
997 3711 1251 3797 praecipitatum
1274 3711 1456 3796 deponunt,

325 3819 419 3885 cuius
442 3819 557 3884 siccati
580 3825 613 3884 et
637 3816 823 3885 candefacti
846 3819 977 3904 pondus
1001 3819 1045 3883 sit
1069 3819 1375 3904 milligrammatum
1393 3819 1457 3881 240

327 3926 370 3989 ad
395 3927 470 3991 270.
