3584 5026
895 513 959 575 182

358 707 445 772 lobis
467 706 616 772 calicinis
640 705 867 793 superpositis,
892 712 926 771 et
938 705 1025 792 iugis
1038 706 1242 772 secundariis
1257 707 1427 794 quaternis
1439 711 1489 793 (4)

357 814 466 892 rectis,
502 815 602 899 paulo
636 813 744 899 magis
785 813 1068 898 prominentibus3
1111 819 1283 900 praeterea
1323 815 1489 900 margines

357 921 570 987 acheniorurn
603 921 639 984 in
669 927 809 1007 utraque
840 927 935 1006 parte
958 919 1089 986 fructus
1111 921 1201 986 inter
1222 942 1258 985 se
1281 921 1490 1008 applicantur

356 1028 391 1091 in
420 1028 536 1113 iugum
568 1027 812 1113 quodammodo
835 1033 972 1092 tortum.
1009 1027 1207 1112 Superficies
1230 1029 1377 1093 exterior
1401 1030 1489 1093 clare

356 1133 550 1212 flavofusca,
572 1134 698 1220 glabra.
722 1134 820 1199 Intus
843 1155 961 1200 cavum
984 1132 1187 1212 lenticulare,
1208 1155 1269 1218 per
1289 1135 1378 1220 quod
1401 1135 1489 1200 colu-

356 1240 454 1305 mella
477 1241 608 1320 transit,
633 1241 732 1305 modo
755 1241 790 1304 in
813 1241 905 1326 apice
929 1241 1020 1305 etin
1043 1240 1114 1304 basi
1138 1261 1213 1304 cum
1236 1239 1366 1306 fructus
1389 1263 1488 1305 mem-

356 1347 460 1412 brana
489 1348 676 1413 coniuncta.
711 1347 824 1413 Vittae
858 1353 990 1413 tantum
1020 1348 1055 1411 in
1084 1347 1309 1425 commissura,
1335 1347 1432 1412 binae
1454 1348 1489 1411 in

356 1455 497 1540 singulis
531 1454 687 1532 acheniis,
723 1455 818 1541 quasi
851 1453 1002 1520 fasciculi
1034 1454 1138 1532 curvi,
1174 1453 1269 1532 fusci,
1305 1454 1362 1540 qui
1392 1453 1488 1519 facile

355 1562 542 1626 solvuntur.
568 1561 846 1647 Endospermium
870 1563 1141 1648 coelospermum.

401 1667 494 1732 Odor
515 1667 687 1734 fructuum
708 1669 892 1734 recentium
915 1689 1099 1734 nauseosus
1121 1668 1229 1754 qualis
1252 1674 1304 1734 est
1325 1668 1486 1752 cimicum,

354 1774 574 1840 arescentium
598 1775 760 1861 paulatim
783 1776 916 1862 proprie
939 1775 1140 1841 aromaticus
1163 1775 1218 1854 fit;
1244 1796 1343 1861 sapor
1361 1796 1487 1840 aroma-

355 1881 449 1959 ticus,
473 1881 571 1947 initio
594 1881 764 1948 subdulcia
787 1883 854 1962 sed,
879 1904 954 1948 cum
976 1881 1107 1948 fructus
1131 1881 1382 1959 manducantur,
1403 1903 1486 1946 acer.

579 2227 630 2325 -Ι-
664 2229 887 2323 Fructus
926 2227 1181 2325 tutatae.

399 2389 534 2476 Drupas
568 2411 723 2475 magnam
758 2395 888 2475 partem
921 2391 1119 2456 immaturae
1152 2411 1235 2476 quas
1270 2388 1337 2454 fert
1362 2390 1488 2474 Piper

356 2493 539 2574 Gubeba,
565 2496 666 2561 LINN.
691 2496 715 2561 f.
740 2497 856 2584 Suppl.
882 2499 935 2562 90.

399 2629 535 2714 Drupas
569 2630 736 2716 globosae,
761 2630 924 2696 diametro
947 2653 1016 2696 non
1038 2629 1115 2716 plus
1138 2653 1237 2718 quam
1260 2631 1486 2695 millimetrum

355 2738 385 2815 6,
409 2736 565 2800 deorsum
587 2737 778 2803 deminutae
796 2738 832 2802 in
847 2737 986 2804 caudam
998 2737 1188 2802 millimetra
1201 2741 1219 2801 5
1233 2737 1274 2802 ad
1289 2739 1330 2801 10
1342 2737 1485 2822 longam,

354 2844 412 2908 vix
434 2843 661 2910 millimetrum
687 2849 703 2909 l
728 2867 882 2911 crassam.
908 2845 1107 2931 Superficies
1126 2865 1363 2930 nonnunquam
1382 2863 1487 2928 aequa

354 2948 546 3038 plerumque
580 2952 887 3038 reticulatomgosa,
923 2959 998 3018 atra
1031 2953 1085 3016 vel
1115 2951 1218 3018 fusca
1248 2952 1379 3037 Pyrena
1401 2949 1487 3016 clarc

353 3055 456 3135 fusca,
492 3059 664 3144 superficie
697 3060 855 3124 interiore
890 3060 966 3124 levi.
1010 3059 1130 3123 Semen
1153 3081 1251 3145 saepe
1274 3080 1392 3144 parum
1415 3078 1487 3143 per-

353 3163 495 3242 fectum;
520 3164 688 3231 funiculus
711 3166 936 3245 brevissimus,
957 3165 1029 3230 basi
1044 3167 1200 3232 cavitatis
1212 3165 1342 3231 fructus
1353 3163 1485 3229 affixus.

354 3270 618 3356 Spermodermis
640 3294 772 3358 rugosa,
796 3273 908 3351 fusca3
932 3272 1021 3338 hilus
1039 3273 1076 3338 in
1097 3271 1177 3350 basi,
1194 3292 1344 3358 magnus,
1358 3270 1486 3336 orbicu-

353 3377 442 3442 laris.
467 3378 614 3443 Nucleus
636 3401 792 3465 magnam
810 3386 940 3465 partem
955 3379 1208 3467 perispermium
1220 3379 1380 3458 solidum;
1393 3379 1486 3444 cuius

352 3485 388 3548 in
411 3485 503 3571 apice
526 3507 667 3571 parvum
690 3486 956 3573 endospermium
979 3488 1130 3554 conicum
1152 3509 1227 3552 cum
1251 3486 1440 3571 embryone.

398 3589 492 3656 Odor
513 3593 730 3671 aromaticus3
756 3615 855 3680 sapor
877 3595 1079 3660 aromaticus
1102 3600 1136 3659 et
1158 3614 1300 3671 amarus,
1318 3615 1385 3656 non
1401 3611 1483 3655 acer.

398 3697 554 3765 (iubebas
584 3721 690 3786 grano
715 3723 784 3766 una
806 3723 881 3769 cum
903 3701 989 3767 acidi
1013 3699 1165 3766 sulfurici
1188 3701 1294 3786 guttis
1317 3695 1485 3764 nonnullis

353 3809 508 3886 contrito,
532 3808 625 3874 color
646 3809 743 3874 valde
765 3809 866 3874 ruber
888 3810 1039 3875 exsistat.

396 3914 449 3977 Ad
484 3935 581 3979 usum
616 3915 759 3982 Fructus
794 3915 950 3983 (iubebas
983 3916 1180 4002 pedunculis
1214 3919 1248 3980 et·
1281 3913 1484 3978 ramulorum

352 4020 553 4107 fragmentis
575 4029 771 4108 purgentur.

397 4129 615 4216 Microscopia
638 4132 793 4216 pulveris.
819 4129 965 4197 Oellulae
988 4130 1179 4198 solereticae
1202 4130 1375 4214 oblongae,
1388 4125 1484 4192 valde

352 4237 580 4322 pachytichae,
606 4239 691 4303 clare
715 4238 830 4316 flavae,
855 4260 939 4324 quae
962 4259 1030 4303 uno
1050 4239 1103 4303 vel
1118 4237 1248 4303 duobus
1260 4236 1376 4302 stratis
1388 4255 1483 4320 pyre-
