3584 5026
867 475 928 540 171

328 692 390 756 que
413 671 540 748 stellae,
565 670 732 736 interdum
751 691 882 757 quoque
901 670 1028 736 formae
1048 670 1274 756 simpliciores.
1291 671 1461 737 Foliorum

330 777 473 843 frustula
518 778 633 855 multa,
675 799 761 864 quae
802 777 837 842 in
882 776 1025 862 hydrate
1058 776 1198 844 chlorali
1240 782 1346 844 totam
1389 778 1463 844 folii

330 891 364 950 et
386 889 577 950 transverse
601 890 636 950 et
658 885 840 950 secundum
863 885 1070 971 superficiem
1093 885 1236 972 persecti
1258 887 1462 952 structuram

328 990 539 1078 conspicuam
569 991 729 1071 reddant;
761 993 896 1059 cellulae
923 991 1134 1078 epidermidis
1158 991 1338 1078 superioris
1361 1015 1462 1058 mem·

329 1099 441 1164 branis
463 1098 658 1164 lateralibus
681 1121 798 1186 parum
818 1099 927 1178 tortis,
948 1098 1160 1186 epidermidis
1171 1099 1341 1165 inferioris
1353 1100 1463 1166 admo·

329 1206 408 1271 dum
438 1205 548 1284 tortis,
579 1206 615 1270 in
645 1211 786 1292 utraque
815 1212 911 1292 parte
942 1211 1087 1272 stomata
1117 1206 1240 1285 multa3
1269 1207 1463 1272 cellularum

329 1313 568 1379 columnarium
591 1314 767 1398 longarum
791 1318 934 1379 stratum
956 1335 1071 1390 unum,
1083 1313 1353 1400 parenchymatis
1364 1335 1463 1400 spon-

328 1407 493 1505 giilormis
517 1424 624 1484 strata
647 1420 817 1498 nonnulla,
841 1442 983 1506 quorum
1006 1420 1127 1486 summi
1150 1420 1301 1506 singulae
1324 1420 1463 1486 cellulae

329 1524 398 1590 fere
433 1548 549 1591 omnes
582 1526 756 1592 continent
790 1525 923 1612 singula
956 1527 1125 1612 crystalla,
1155 1526 1340 1612 dequibus
1363 1548 1464 1613 supra

328 1633 452 1700 dictum
476 1637 544 1712 est3
573 1655 678 1698 venae
701 1657 855 1720 magnam
878 1639 1007 1719 partem
1030 1638 1224 1700 constantes
1246 1632 1337 1698 vasis
1360 1633 1464 1720 spira-

329 1739 425 1819 libus,
449 1761 534 1826 quae
557 1761 641 1826 opus
659 1740 871 1806 reticulatum
884 1739 1034 1806 efficiunt
1046 1740 1161 1807 multis
1172 1740 1338 1826 capitibus
1349 1739 1464 1805 liberis

329 1846 362 1910 in
393 1846 541 1913 maculis.
566 1846 756 1912 Nervorum
778 1846 888 1913 frusta
910 1846 1038 1913 cellulis
1061 1846 1275 1933 epidermidis
1298 1846 1461 1933 oblongis,

327 1953 495 2019 interdum
518 1976 586 2019 non
610 1954 682 2018 sine
703 1954 978 2040 collenchymate.
1003 1954 1067 2019 Pili
1088 1954 1241 2018 limarum
1260 1953 1368 2018 instar
1386 1974 1464 2018 con-

328 2065 456 2127 stantes
478 2061 598 2127 cellula
622 2065 638 2125 1
664 2061 706 2126 ad
730 2063 761 2138 4,
785 2061 838 2126 vel
861 2082 976 2126 eorum
999 2059 1118 2139 frusta,
1143 2064 1177 2125 et
1196 2060 1255 2146 pili
1274 2060 1462 2146 glandulosi

328 2166 437 2231 minus
459 2167 567 2234 crebri
590 2167 705 2253 stipite
727 2168 916 2253 conspicuo,
940 2166 1149 2233 unicellulari
1173 2171 1206 2231 et
1229 2166 1339 2252 capite
1362 2166 1465 2252 pluri-

328 2272 485 2339 oellulari.
509 2273 682 2339 Nonnulla
704 2295 785 2338 vasa
806 2272 945 2339 retifcra
967 2273 1096 2339 latiora.
1127 2273 1170 2336 In
1193 2271 1464 2359 parenchymatis

327 2380 550 2466 chlorophylli
571 2379 685 2466 granis
708 2401 947 2466 nonnunquam
969 2379 1111 2466 granula
1132 2379 1235 2464 amyli
1258 2376 1454 2443 tenuissima

328 2486 471 2552 formam
494 2486 604 2553 bacilli
625 2486 827 2552 exhibentia.

372 2593 466 2659 Odor
507 2593 665 2660 foliorum
707 2594 892 2660 recentium
932 2613 1133 2672 nauseosus;
1177 2613 1277 2678 sapor
1317 2613 1460 2670 amarus,

329 2700 509 2768 subsalsms.

371 2807 527 2873 Aetheris
550 2808 755 2874 centimetris
778 2808 902 2875 cubicis
925 2811 945 2874 3
968 2807 1154 2873 ammoniae
1178 2805 1285 2893 guttis
1309 2808 1328 2870 2
1348 2803 1463 2870 mixtis

328 2937 403 2981 cum
426 2914 596 2980 Foliorum
619 2915 802 2981 Stramonii
825 2915 973 3002 pulveris
994 2913 1273 3000 milligrammatis
1299 2915 1362 2977 150
1384 2934 1463 2978 con-

328 3021 506 3108 quassatis,
524 3021 645 3087 deinde
655 3021 799 3100 filtratis,
814 3044 897 3108 quae
909 3022 951 3087 de
963 3022 1091 3109 liquore
1103 3022 1240 3086 athereo
1253 3025 1462 3105 supererunt,

328 3129 362 3194 in
385 3128 470 3195 acidi
493 3128 644 3195 sultimici
668 3128 767 3194 diluti
790 3134 888 3216 gutta
906 3135 922 3193 1
941 3131 1063 3211 soluta,
1085 3127 1209 3193 additis
1225 3148 1330 3212 aquae
1353 3126 1461 3211 guttis

330 3239 358 3314 5,
383 3237 547 3322 liquorem
565 3235 757 3322 praebcant,
778 3237 834 3322 qui
853 3237 968 3302 addita
991 3234 1095 3301 iodcti
1117 3232 1463 3320 kalicohydrargyrici

328 3349 426 3427 gutta
452 3346 468 3406 1
493 3342 673 3409 manifesto
697 3343 861 3409 turbatur.

372 3449 466 3516 Folia
490 3449 670 3516 Stramonii
695 3440 737 3515 ne
757 3449 884 3516 diutius
903 3471 1003 3536 quam
1021 3471 1125 3514 unum
1137 3469 1262 3514 annum
1274 3450 1460 3511 serventur.

372 3555 414 3620 In
454 3555 553 3622 India
595 3555 759 3622 Orientali
800 3556 1045 3623 Nederlandica
1078 3556 1121 3621 ad
1154 3574 1252 3619 usum
1286 3556 1460 3617 externum

330 3663 497 3729 Foliorum
533 3664 716 3729 Stramonii
749 3664 823 3730 loco
857 3663 939 3728 lolia
972 3684 1057 3749 quae
1093 3661 1160 3727 fert
1197 3661 1362 3724 Datura
1404 3656 1419 3720 f
1426 3680 1461 3722 a·

329 3775 488 3848 stuosa,
513 3770 614 3836 LINN.
640 3770 732 3856 Syst.
756 3770 806 3836 ed.
831 3771 872 3836 X.
898 3773 972 3835 932.
985 3792 1055 3835 var.
1071 3768 1156 3846 alba,
1169 3789 1253 3853 quae
1267 3765 1313 3831 ibi
1328 3764 1463 3830 nomine

329 3876 573 3963 „lectjoeboenp”
597 3882 745 3956 vocatur,
769 3877 920 3943 adhiberi
942 3877 1030 3943 licet.

802 4152 809 4161 ι
820 4149 1003 4163 --οο--μ
