3582 5034
867 566 931 629 293

501 757 919 857 ÷Parattinnm
970 761 1221 855 salttum.

378 939 537 1008 Carbonii
561 939 784 1025 hydrogenati
797 938 891 1003 varia
901 959 1025 1024 genera
1036 938 1143 1003 solida
1153 939 1269 1019 mixta,
1283 962 1301 1004 e
1313 942 1463 1026 petroleo

334 1048 436 1114 crudo
462 1053 588 1133 parata.

377 1173 498 1237 Frusta
516 1172 602 1249 alba,
615 1170 727 1235 odoris
740 1169 898 1256 expertia,
912 1170 1221 1256 microcrystellina.
1246 1168 1376 1237 Galeris
1388 1194 1463 1259 gra·

333 1279 378 1343 du
396 1281 454 1344 56⁰
465 1279 507 1343 ad
521 1281 601 1343 60¹lm
613 1278 811 1363 liquescunt.
837 1277 1338 1362 Pondusspecifieum0‚916ad
1352 1281 1461 1357 0,920.

377 1385 540 1450 Paraffino
573 1385 679 1450 solido
705 1405 780 1448 cum
811 1383 948 1469 spiritus
976 1383 1122 1470 pondere
1145 1384 1269 1472 duplici
1292 1391 1460 1464 concocta,

331 1492 439 1578 liquor
454 1492 655 1580 spirituosus
666 1490 886 1576 refrigeratus
902 1491 1048 1556 colorem
1055 1491 1191 1557 chartae
1207 1493 1461 1578 exploratorias,

332 1600 537 1666 madefactae
560 1622 601 1663 ne
624 1603 742 1663 mutet.

376 1705 545 1772 Pareffino
580 1705 688 1771 solido
715 1727 792 1771 cum
823 1705 897 1791 pari
920 1707 1108 1791 quantitate
1140 1706 1324 1771 mixtarum
1358 1729 1464 1792 aquae

332 1815 436 1898 partie
461 1818 478 1878 1
509 1819 542 1879 et
569 1813 655 1878 acidi
683 1811 835 1878 sulfurici
858 1812 1005 1898 partium
1030 1815 1051 1876 4
1074 1812 1109 1876 in
1132 1813 1251 1879 balneo
1272 1835 1378 1899 aquae
1401 1835 1461 1900 per

333 1921 433 1986 horae
464 1926 594 2008 partem
628 1919 867 1998 duodecimam,
899 1941 974 1985 cum
1006 1919 1210 1985 Parsffinum
1245 1919 1462 2006 liquefactum

332 2027 402 2106 erit,
427 2027 598 2106 calefacto,
623 2028 755 2093 acidum
778 2027 923 2094 colorem
946 2049 988 2092 ne
1011 2029 1132 2094 trahat.

616 2282 666 2382 ÷
702 2287 869 2380 Pacta
902 2285 1093 2381 cacan.

374 2465 485 2529 Massa
518 2469 635 2550 parata
657 2463 889 2529 calefaciendis
912 2469 946 2529 et
968 2462 1132 2529 molendis
1155 2462 1337 2529 seminibus
1361 2463 1460 2528 tostis

329 2575 363 2634 et
395 2570 574 2656 degluptis,
610 2591 695 2656 quae
730 2571 867 2657 praebet
891 2571 1159 2635 Theobroma
1183 2568 1331 2649 Oacao,
1356 2570 1458 2637 LINN.

329 2677 385 2764 Sp.
410 2679 457 2742 Pl.
484 2679 558 2744 782.

371 2803 492 2868 Frusta
504 2808 598 2868 extra
609 2804 697 2869 clare
709 2802 812 2880 lusca
822 2801 1000 2880 subnitida‚
1009 2801 1157 2867 fractura
1168 2801 1288 2866 coloris
1300 2801 1458 2880 clarioris,

327 2930 394 2973 non
406 2909 522 2988 nitida,
541 2909 669 2996 saporis
686 2910 821 2996 proprii,
835 2909 948 2986 amari,
962 2909 1046 2994 puri,
1059 2909 1094 2972 in
1106 2909 1222 2994 lingua
1232 2908 1458 2994 liquescentis,

328 3037 394 3079 non
417 3037 562 3101 granosa
584 3038 645 3083 nec
667 3038 784 3102 aspera
807 3036 868 3081 nec
891 3036 1040 3082 arenosa.

371 3121 472 3186 Paete
495 3121 603 3188 Cacao
625 3121 750 3208 frigide
769 3121 900 3208 fragilis
919 3128 979 3201 est,
992 3123 1027 3187 in
1039 3123 1159 3189 balneo
1171 3143 1276 3207 aquae
1288 3122 1460 3189 mollescat

328 3233 361 3292 et
394 3229 517 3294 sensim
551 3229 713 3315 liquescat
742 3229 777 3293 in
801 3251 945 3295 massam
968 3230 1183 3315 aequabilem,
1208 3229 1296 3294 clare
1319 3229 1457 3308 fencem,

328 3333 438 3398 odoris
462 3336 598 3421 proprii,
623 3336 825 3421 spissiorem.

371 3441 471 3506 Pasta
506 3439 615 3507 Cacao
649 3442 777 3508 aetheri
810 3442 1022 3529 pinguedinis
1052 3448 1165 3528 partes
1195 3442 1393 3507 centesimas
1416 3465 1459 3507 ne

327 3547 437 3611 minus
460 3569 560 3633 quam
585 3551 627 3613 45
651 3571 735 3613 neve
759 3550 957 3635 plusquam
983 3551 1025 3614 60
1048 3549 1154 3614 cedat.
1178 3549 1270 3628 Quae
1290 3549 1458 3634 pinguedo

325 3651 430 3718 isdem
454 3655 632 3740 postulatis
656 3654 852 3734 satisfaciat,
878 3657 998 3742 quibus
1022 3657 1141 3722 Oleum
1165 3655 1284 3723 Carae.

371 3760 471 3825 Pasta
495 3759 604 3826 Cacao
627 3763 801 3829 combusta
823 3763 943 3828 cineris
966 3785 1008 3828 ne
1031 3765 1106 3850 plus
1129 3785 1228 3849 quam
1252 3767 1365 3848 partes
1383 3784 1458 3828 cen-

326 3865 461 3930 tesimas
485 3871 504 3932 5
527 3867 703 3953 relinquat.

370 3971 484 4036 Pulvis
518 3973 637 4038 Paetae
671 3972 789 4058 Oacno,
824 3997 884 4060 per
906 3979 1041 4043 aethera
1063 3977 1265 4064 pinguedine
1287 3976 1456 4052 liberatus,

326 4097 384 4160 per
417 4077 671 4164 microscopium
702 4082 868 4166 spectanti
897 4105 939 4146 ne
962 4083 1118 4149 exhibeat
1141 4083 1289 4167 amylum
1312 4080 1456 4144 alienum

191 4207 202 4228 ·
327 4189 359 4248 et
382 4189 514 4250 tantum
536 4185 680 4271 vestigia
703 4187 788 4252 telae
812 4193 984 4253 testarum.

788 4349 991 4362 *tn——
