3466 5038
814 483 855 545 55

265 676 426 742 caleiacto
456 675 537 740 dum
564 677 669 741 mixta
692 674 829 740 ebullire
852 675 1032 761 coeperint,
1056 674 1303 762 refrigescente,
1328 697 1402 762 cry·

263 784 361 848 stalla
384 788 613 861 secernuntur,
638 783 780 868 quaein
803 803 889 868 aqua
910 783 1102 866 solvimtur3
1127 783 1247 868 quibus
1270 783 1398 860 solutis,

265 912 322 974 per
353 890 489 955 acidum
522 889 679 955 nitricum
712 889 857 954 dilutum
891 889 994 954 acidis
1027 889 1137 968 factis,
1174 911 1249 954 cum
1272 891 1400 956 chloro-

264 997 361 1062 iormi
398 997 605 1062 centimetrie
627 996 751 1062 cubicis
775 999 795 1060 3
819 1003 853 1060 et
875 1017 980 1081 aquae
1003 996 1171 1061 chloratae
1194 997 1400 1062 centimetris

264 1104 387 1168 cubicis
417 1106 436 1166 2
459 1103 700 1189 conquassatis,
724 1107 868 1167 stratum
891 1101 1107 1167 chloroiormi
1130 1102 1273 1167 colorem
1296 1102 1399 1167 flavo-

263 1210 399 1276 rubrum
422 1209 539 1276 trahit.
1239 1271 1243 1278 .

307 1320 467 1383 Brometo
490 1318 658 1403 aethylico
681 1338 756 1383 cum
779 1317 865 1383 acidi
888 1315 1040 1381 sulfurici
1059 1316 1132 1402 pari
1142 1316 1400 1380 voluminecon-

264 1431 431 1510 quassato,
456 1429 597 1511 uterque
613 1425 722 1510 liquor
733 1447 793 1510 per
803 1446 871 1489 non
883 1423 994 1487 minus
1006 1444 1105 1508 quam
1117 1422 1234 1487 horam
1248 1427 1265 1485 1
1279 1422 1400 1487 coloris

263 1551 379 1616 expers
403 1530 459 1595 sit.

307 1637 458 1700 Brometi
488 1636 647 1721 aethylici
681 1657 756 1701 cum
791 1656 896 1720 aquae
927 1635 1001 1720 pari
1024 1635 1192 1700 volumine
1216 1656 1276 1720 per
1297 1634 1399 1699 honac

263 1747 390 1828 pentem
425 1743 694 1807 trecentesimam
724 1741 966 1827 sexagesimam
996 1743 1209 1826 conquassati
1244 1741 1399 1805 volumen

263 1849 368 1913 minui
391 1871 433 1913 ne
456 1849 673 1934 percipiatnr3
698 1870 793 1934 aqua,
819 1849 848 1913 si
872 1849 988 1912 statim
1011 1869 1031 1911 a
1055 1849 1213 1912 Brometo
1232 1846 1398 1931 aethylico

264 1961 417 2040 separata
451 1956 525 2033 erit,
550 1956 701 2020 chartam
724 1955 983 2040 exploratoriam
1006 1955 1192 2019 caeruleam
1215 1975 1257 2018 ne
1279 1952 1398 2018 reddet

263 2062 406 2140 rubram,
429 2084 516 2127 neve
536 2063 686 2128 iodetum
708 2062 855 2127 kalicum
878 2083 953 2126 cum
976 2061 1087 2145 amylo
1111 2061 1307 2124 caeruleum.

307 2170 502 2235 Brometum
525 2170 728 2254 aethylicum
747 2169 782 2233 in
797 2168 920 2254 spiritu
932 2170 966 2251 (1
985 2195 1019 2227 =
1038 2169 1094 2250 20)
1109 2167 1265 2244 solutum,
1281 2165 1397 2231 addito

264 2275 385 2340 nitrate
408 2276 590 2362 argentico,
615 2296 676 2360 per
697 2275 799 2340 horae
822 2279 951 2360 partem
974 2295 1043 2338 non
1066 2274 1177 2338 minus
1195 2293 1398 2358 quamsexa-

264 2383 420 2467 gesimam
444 2383 572 2448 clarum
595 2382 650 2452 sit.

307 2489 456 2554 Brometi
486 2489 646 2574 aethylici
668 2489 864 2554 centimetra
887 2488 1002 2552 cubica
1027 2490 1068 2551 10
1091 2487 1127 2550 in
1151 2486 1270 2551 balneo
1292 2507 1397 2570 aquae

265 2600 442 2680 evaporata
464 2596 550 2660 nihil
571 2596 772 2681 relinquant.

308 2731 336 2793 A
366 2731 465 2795 luce
497 2733 708 2795 remotum
740 2734 952 2792 servetur.

727 2997 930 3008 -ι-ι--ι

492 3235 779 3328 Brometum
814 3233 1166 3326 ammonitum.

755 3411 896 3496 NH4Br.

307 3553 420 3620 Pulvis
454 3553 561 3632 albus,
589 3553 814 3639 crystallinus,
839 3552 933 3618 cubis
955 3552 1069 3637 parvis
1092 3555 1259 3625 constans,
1284 3547 1397 3613 odoris

263 3680 386 3745 expers,
410 3661 685 3746 hygroscopicus,
711 3660 820 3724 calore
843 3679 1053 3736 evanescens,
1076 3679 1137 3722 nec
1160 3662 1272 3721 tamen
1296 3659 1396 3719 antea

263 3765 456 3852 liquescens.
500 3766 696 3832 Brometum
719 3767 943 3831 ammonicum
966 3765 1002 3830 in
1026 3786 1131 3849 aquae
1155 3761 1307 3848 partibus
1331 3762 1393 3838 1,4,

262 3872 296 3936 in
318 3874 457 3958 spiritus
479 3874 632 3958 partibus
657 3876 732 3950 12‚4
755 3873 906 3939 solvitur.

304 3980 367 4045 Per
398 3980 602 4046 solutionem
637 3980 792 4065 hydratis
826 3979 946 4044 natrici
977 4001 995 4042 e
1026 3979 1184 4043 Brometo
1207 3973 1393 4040 ammonico

264 4105 321 4170 gaz
341 4088 530 4153 ammoniae
553 4087 730 4152 emittitur.
755 4086 905 4150 Brometi
927 4085 1104 4150 ammonici
1122 4079 1327 4150 centimetris
1339 4099 1411 4174 cu-¹

264 4189 340 4259 bicis
373 4199 392 4261 5
426 4195 465 4260 in
500 4216 587 4280 aqua
617 4195 652 4276 (1
671 4219 705 4254 =
724 4194 781 4275 20)
803 4192 931 4269 solutis,
955 4213 1031 4257 cum
1053 4186 1270 4256 chloroformi
1293 4183 1394 4248 centi-
