3584 5026
859 551 923 612 222

326 745 423 810 diluti
447 748 618 830 gutiarum
643 747 673 822 3,
702 749 998 830 conquussciorum
1020 765 1095 809 cum
1119 743 1229 808 Infusi
1252 745 1457 830 Hyoscyomi

326 853 428 917 olcosi
450 851 656 917 coniimciris
679 851 803 917 cubicis
828 852 878 930 10,
903 873 964 936 por
985 851 1086 916 horcc
1110 851 1457 937 poricsscxsgesimss

325 961 502 1024 nonnullas
520 960 556 1024 in
576 959 694 1024 balneo
714 981 818 1046 squcs
839 957 1076 1024 calefactorum
1091 959 1216 1024 filtroic
1228 958 1342 1024 addito
1353 957 1457 1022 iodeti

325 1066 669 1153 kulicohydrcrgyrici
691 1072 789 1152 guito
815 1072 830 1131 1
856 1067 976 1131 leviter
999 1066 1188 1131 turbentur.

372 1174 402 1237 A
436 1175 529 1240 lucc
564 1180 773 1238 remotum
797 1185 1010 1239 scrvctur.

383 1570 432 1669 -Ι-
467 1574 693 1668 infusum
727 1571 936 1669 Sconac
970 1575 1321 1724 compositum.

629 1749 731 1833 Aqua
753 1751 914 1820 laxativo
936 1751 1152 1820 vlcnncnsis.

372 1893 519 1959 Infundc

424 2005 587 2058 Foliorum
614 2007 738 2058 sannas
766 2001 1011 2059 concisorum
1032 2008 1167 2078 partes
1189 2000 1333 2060 decem.
1366 2048 1373 2064 .
1423 2001 1459 2059 10

327 2105 361 2165 ct

425 2212 604 2264 Fructum
632 2212 725 2264 Anisl
746 2213 1000 2265 coniusorum
1021 2213 1156 2284 portes
1178 2213 1257 2264 tres
1285 2251 1292 2265 .
1325 2251 1332 2265 .
1365 2251 1372 2265 .
1440 2206 1458 2263 3

324 2325 411 2389 cquc
433 2325 493 2390 per
516 2305 616 2370 horso
640 2309 770 2390 poricm
791 2304 961 2368 dimidiam
988 2304 1031 2368 cd
1053 2304 1237 2369 colaturcm

425 2412 850 2490 portiumoctogintc.
883 2457 890 2472 .
923 2457 930 2471 .
963 2457 966 2463 .
1003 2455 1372 2471 ..........
1419 2411 1458 2468 80

370 2509 413 2573 In
435 2531 501 2595 quo
523 2509 683 2576 calefacto
707 2511 798 2575 solve

423 2622 583 2674 raritatis
604 2622 842 2675 kasseu-nutrici
862 2625 997 2696 portos
1018 2616 1149 2675 decem
1163 2659 1372 2675 ......
1421 2616 1458 2673 10

326 2716 447 2800 quibus
470 2714 555 2779 oddo

424 2827 588 2891 Glyosrun
608 2831 743 2899 partos
764 2821 893 2880 dcccm
924 2865 1372 2882 ............
1422 2821 1458 2878 10

371 2929 631 3013 Praecipitatum
654 2933 817 2995 secretum
841 2933 1060 2993 removentu.

791 3210 993 3220 *—

450 3416 500 3515 -Ι-
534 3420 761 3515 iudcium
802 3419 1248 3539 hydrargyricum.

839 3597 940 3682 ngc.

371 3741 484 3806 Pulvis
506 3741 686 3818 coccineus,
711 3763 809 3826 quem
832 3762 891 3826 pcr
903 3739 1155 3824 microscopium
1167 3737 1331 3825 spcctcnti
1343 3736 1455 3822 parvis

325 3831 492 3932 crysicllis
526 3847 711 3933 tetragonis
745 3853 899 3912 constare
930 3852 1078 3932 opponet.
1105 3845 1275 3912 Oolefsctc
1297 3843 1455 3929 crysucllc

325 3953 432 4037 primo
466 3952 680 4020 flavescentia
713 3955 749 4018 in
784 3960 941 4040 sysbcmc,
974 3953 1169 4019 rhombcum
1200 3953 1287 4038 quod
1321 3950 1452 4027 dicitur,

326 4065 510 4138 transcunt,
542 4067 613 4126 tum
643 4061 678 4125 in
709 4061 871 4147 liquorem
902 4061 1078 4125 obscurum
1108 4059 1303 4145 liquescunt,
1335 4055 1454 4120 deinde

326 4171 399 4231 toto
422 4174 633 4246 evanescunt,
658 4169 831 4254 gignentis
850 4167 1063 4232 sublimatum
1082 4167 1215 4244 ficvum,
1236 4165 1324 4252 quod
1337 4165 1453 4228 tritum

325 4273 480 4339 rubescit.
494 4275 647 4341 Iodcium
660 4275 936 4361 liydrorgyricum
948 4276 983 4339 in
996 4275 1133 4360 spiritus
1142 4273 1292 4360 portibus
1302 4271 1363 4336 167
1374 4275 1409 4334 ci
1416 4269 1451 4332 in
