3544 5050
857 485 921 550 376

482 680 719 802 Sirupus
751 681 926 776 ladeti
960 681 1185 776 terrosi.
1222 679 1306 772 ΕΙ.

369 859 471 924 Misce

420 971 510 1024 Porri
531 971 694 1036 pulverau
715 973 851 1042 paries
871 964 967 1023 duas
993 1009 1359 1024 ..........
1437 964 1454 1021 2

421 1071 531 1132 Aquae
553 1064 739 1140 partibus
759 1083 825 1122 sex
835 1107 1358 1123 ..............
1436 1060 1453 1118 0

321 1162 356 1222 ei
378 1158 511 1223 assidue
533 1159 675 1244 agitans,
700 1159 859 1244 paulatim
883 1159 967 1225 adde

420 1271 500 1321 lodii
525 1271 660 1342 partes
681 1272 873 1342 quattuor
893 1287 974 1324 eum
995 1266 1144 1325 decima
1156 1311 1358 1325 ......
1406 1266 1452 1335 4,1

367 1380 554 1466 Liquorem,
579 1402 654 1445 eum
678 1381 769 1447 color
792 1381 906 1448 fiscus
930 1384 1113 1463 evanuerit,
1138 1383 1226 1448 filtra
1249 1383 1284 1446 in

420 1493 514 1544 Aoidi
537 1493 641 1545 sitrici
662 1496 813 1564 partem
834 1490 1059 1548 vicesimam
1075 1534 1357 1549 ........
1384 1488 1453 1559 0,Οὸ

323 1590 356 1650 et
1158 1647 1161 1655 i

420 1697 570 1750 saoehari
595 1700 730 1770 partes
751 1695 964 1770 sexaginta
991 1738 1359 1754 ..........
1416 1692 1454 1750 00

322 1791 408 1855 clare
431 1791 558 1856 solutas
580 1791 616 1855 in
1131 1881 1134 1888 ι

421 1905 530 1966 Aquae
554 1899 740 1974 partibus
762 1899 912 1974 viginti
914 1943 1357 1958 ............
1416 1897 1454 1954 20

366 2013 503 2078 Ferrum
526 2014 737 2100 pulveratum
760 2015 795 2079 in
818 2014 907 2080 filtro
929 2016 1027 2081 ablue
1050 2016 1129 2080 dum
1153 2019 1287 2100 paratae
1311 2014 1379 2078 sini

419 2125 527 2190 nimpi
552 2127 876 2198 partescenbum.
911 2167 916 2178 .
952 2167 957 2179 .
991 2167 998 2181 .
1031 2168 1037 2180 .
1072 2169 1077 2180 .
1112 2168 1118 2180 .
1152 2167 1157 2179 .
1192 2169 1197 2180 .
1231 2169 1237 2180 .
1271 2151 1277 2180 ;
1311 2167 1317 2180 .
1351 2167 1358 2180 .
1398 2121 1453 2178 100

366 2217 507 2303 Sirupus
530 2218 617 2283 clare
640 2219 766 2285 viridis.

366 2323 506 2408 Sirupus
527 2324 637 2389 Iodeii
658 2323 1075 2392 ferrosieontineaiiodeti
1087 2325 1207 2391 ferrosi
1220 2330 1452 2411 parisseente-

320 2431 421 2496 simas
439 2435 468 2507 5,
486 2431 520 2495 id
536 2431 626 2516 quod
638 2432 687 2496 ita
699 2432 873 2497 statuitur:
888 2432 1001 2517 Sirupi
1013 2433 1122 2498 Iadeii
1135 2431 1255 2498 ferrosi
1266 2435 1451 2517 grammata

321 2542 340 2601 5
368 2542 402 2602 ei
427 2559 532 2623 aquae
560 2539 755 2604 centimetra
776 2539 892 2604 cubica
917 2543 958 2604 10
982 2541 1162 2605 commixta
1186 2562 1245 2625 per
1267 2540 1451 2605 ahioretum

319 2643 597 2729 hydrargyrieum
620 2645 842 2710 decinormale
865 2646 945 2711 tiira
956 2646 1035 2710 dum
1047 2647 1302 2733 praecipitatum
1314 2647 1451 2710 mbram

319 2751 517 2836 depositum,
534 2757 728 2836 quassatum
750 2775 818 2817 non
841 2753 984 2838 amplius
1006 2759 1198 2831 evanescam
1222 2753 1312 2838 quod
1335 2752 1451 2828 utfiat,

319 2858 515 2922 centimetra
538 2860 654 2925 cubica
678 2861 731 2936 7,8
754 2861 796 2924 ad
821 2863 873 2936 8,l
898 2861 1120 2945 requirantur.

363 2965 412 3028 In
445 2965 614 3051 lagenis
644 2967 802 3051 parvis,
827 2966 1069 3053 completis,
1094 2967 1200 3030 bane
1223 2963 1449 3041 obturatis,

318 3071 406 3136 luei
441 3073 660 3157 expositis
695 3079 905 3138 servetur.

462 3497 511 3595 ÷
544 3499 780 3622 Sirupus
815 3503 1227 3598 iadatanniaus.

364 3677 459 3742 Adde

419 3790 595 3842 clusionis
615 3791 696 3843 lodii
716 3763 910 3857 spirituum
945 3784 1280 3864 partibusdeaem
1308 3829 1314 3842 .
1348 3829 1355 3843 .
1415 3784 1452 3842 10

417 3887 563 3941 Extraoti
583 3891 765 3942 Ratanhiae
800 3893 935 3962 paries
956 3893 1149 3962 quattuor
1151 3928 1353 3943 ......
1433 3884 1450 3938 4

318 3979 453 4059 solutas,
477 3979 693 4066 refrigeratas
716 3983 752 4047 in

416 4097 528 4158 Aquas
550 4094 672 4147 calidae
703 4091 890 4168 partibus
910 4093 1119 4168 octoginda
1147 4131 1354 4148 ......
1412 4085 1450 4144 80

364 4185 468 4251 Mixia
503 4187 536 4250 in
572 4187 689 4272 lagena
723 4190 879 4254 obuuata
900 4210 959 4274 par
982 4191 1081 4253 horas
1106 4190 1148 4251 24
1172 4207 1304 4271 sepone,
1329 4183 1447 4247 deinde
