3584 5026
854 471 916 536 177

318 667 450 746 directo,
486 665 651 732 diametro
682 665 910 730 millimetrum
929 666 959 744 4,
992 665 1099 752 plana,
1132 665 1207 762 fere,
1236 666 1448 748 orbicularia3

318 775 403 840 hilus
414 774 545 862 positus
557 773 656 839 estin
668 772 829 858 marginis
841 777 936 858 parte
949 773 1122 851 eminenti;
1135 772 1325 858 superficies
1336 774 1449 841 admo·

316 881 393 946 dum
415 886 586 967 punctata,
611 880 709 945 flava.

359 988 411 1053 Ad
445 989 617 1076 pulverem
649 986 835 1073 parandum
869 986 993 1073 petioli,
1028 986 1156 1065 calices,
1192 987 1319 1052 semina
1350 1010 1449 1074 quam

317 1095 457 1160 maxime
478 1093 681 1160 removenda
703 1097 793 1158 sunt.

360 1201 577 1287 Mioroscopia
611 1200 767 1286 pulveris.
803 1199 924 1265 Omnia
947 1200 1094 1266 frustula
1116 1201 1243 1267 maiora
1266 1223 1308 1267 ex
1329 1224 1449 1268 auran-

317 1307 401 1375 tiaco
435 1308 524 1372 flava
557 1311 638 1372 sunt
670 1329 730 1393 per
754 1307 949 1386 serotinum,
973 1307 1063 1394 quod
1085 1329 1241 1393 magnam
1263 1309 1450 1394 partemin

315 1415 421 1500 guttis
443 1414 565 1479 oleosis
587 1418 757 1499 receptum
780 1416 848 1492 est;
883 1414 1095 1480 membranae
1114 1414 1308 1480 cellularum
1327 1417 1449 1482 coloris

315 1527 467 1608 expertes
501 1526 580 1586 sunt
613 1525 672 1585 aut
705 1519 822 1598 flavae,
857 1541 1028 1606 nunquam
1062 1520 1185 1588 firsoae.
1232 1521 1274 1586 In
1305 1523 1448 1609 hydrate

315 1629 453 1696 chlorali
487 1629 674 1694 carotinum
708 1627 859 1706 solvitur,
891 1633 927 1692 at
957 1633 1076 1714 guttae
1103 1629 1234 1694 oleosae
1256 1629 1354 1694 valde
1377 1652 1448 1696 ore·

316 1735 471 1802 brescunt
505 1740 540 1800 et
573 1735 781 1822 pigmentum
814 1736 959 1821 recipere
990 1741 1090 1822 atque
1113 1736 1269 1801 exhibere
1291 1741 1447 1823 pergunt.

316 1844 544 1928 Parenchyma
576 1841 778 1907 membranis
812 1842 1086 1928 collenchymatis
1108 1863 1201 1907 more
1223 1843 1321 1908 valde
1345 1848 1450 1909 tume-

316 1949 423 2028 factis,
457 1950 493 2014 in
526 1948 647 2036 quibus
680 1948 879 2034 fragmentis
902 1948 1079 2034 epidermis
1102 1950 1247 2015 exterior
1270 1950 1448 2016 admodum

315 2056 491 2142 perlucida,
515 2078 584 2120 non
606 2060 719 2120 tamen
741 2055 848 2133 facile,
873 2055 1051 2140 conspicua
1074 2059 1140 2134 est;
1164 2055 1302 2122 cellulae
1321 2057 1449 2143 epider-

316 2161 412 2226 midis
446 2160 620 2246 oblongae,
655 2159 857 2226 membranis
890 2161 1086 2226 lateralibus
1116 2160 1317 2240 tumefactis,
1342 2163 1450 2228 omnis

316 2268 435 2333 coloris
468 2267 670 2353 expertibus,
702 2268 738 2331 in
769 2266 890 2353 quibus
913 2268 1042 2353 aliquot
1071 2267 1273 2334 scrobiculae
1297 2268 1447 2349 altiores;

316 2374 477 2440 cuticulae
513 2374 633 2439 foveae
668 2373 765 2438 valde
798 2374 1005 2460 conspicuae,
1040 2395 1280 2460 nonnunquam
1314 2381 1448 2442 anasto-

316 2486 453 2560 mantes,
479 2481 715 2567 epidermidem
738 2481 919 2546 enormiter
940 2485 1149 2567 percurrunt.
1178 2480 1326 2547 Gallulae
1347 2505 1449 2547 mem·

316 2586 426 2653 branis
446 2588 615 2666 subflavis,
634 2588 827 2655 tumefactis
845 2587 1057 2674 epidermidis
1076 2589 1253 2666 interioris,
1275 2596 1447 2676 separatae

316 2696 367 2760 vel
387 2696 423 2760 in
446 2695 564 2781 globos
588 2697 729 2760 maiores
756 2696 943 2760 minoresve
964 2695 1136 2774 collectae3
1160 2695 1333 2782 oblongae,
1347 2719 1448 2761 mem-

316 2800 427 2866 branis
449 2802 643 2867 lateralibus
666 2803 740 2888 plus
763 2802 915 2866 minusve
926 2802 1094 2880 flexuosis,
1106 2802 1142 2866 in
1154 2801 1275 2887 quibus
1287 2803 1447 2888 plurimae

316 2910 514 2976 scrobiculao
537 2911 683 2976 altiores.
709 2909 857 2976 Callinico
880 2911 1191 2996 parenchymaticae
1209 2911 1447 2996 ereceptaculo

316 3016 481 3094 oriundae,
514 3017 695 3081 enormiter
723 3017 882 3102 globosae
912 3017 966 3082 vel
995 3016 1240 3102 quodammodo
1272 3016 1446 3104 oblongae,

316 3128 485 3209 separatae
507 3125 561 3188 vel
583 3125 618 3189 in
641 3124 760 3209 globos
778 3125 950 3202 collectam
971 3125 1182 3190 membranae
1201 3124 1445 3210 quodammodo

316 3230 524 3309 tumefactae,
559 3231 739 3308 subflavae,
774 3231 1005 3296 reticulatione
1039 3231 1219 3304 admodum
1252 3232 1444 3317 conspicua,

315 3337 450 3404 lacunae
468 3337 728 3403 intercellulares
747 3359 947 3424 permagnos
967 3343 1001 3403 et
1020 3339 1187 3423 margines
1201 3338 1446 3404 coniunctionis

315 3443 448 3509 rotundi
478 3445 531 3509 vel
562 3444 684 3522 ovales,
714 3445 805 3509 intra
834 3464 918 3530 quos
941 3443 1142 3510 scrobiculao
1165 3466 1297 3529 parvae,
1323 3445 1446 3510 ovales.

316 3549 541 3636 Parenchyma
572 3551 670 3617 valde
703 3551 931 3636 leptotichum,
963 3551 1089 3616 cellulis
1112 3552 1251 3636 magnis,
1275 3572 1446 3636 rugosum,

314 3677 411 3744 saepe
451 3679 569 3743 parum
602 3658 826 3744 conspicuum.
884 3657 1048 3723 Vesorum
1081 3657 1252 3743 spiralium
1286 3656 1445 3723 fasciculi.

316 3763 426 3849 Amyli
459 3764 642 3842 minimum,
678 3763 912 3830 tantummodo
947 3765 1000 3830 hic
1029 3765 1097 3830 illic
1120 3764 1281 3829 nonnulla
1304 3764 1445 3850 granula

316 3890 426 3954 parva,
460 3872 606 3936 rotunda
640 3872 694 3936 vel
715 3871 908 3937 cellularum
930 3871 1296 3956 parenchymatioarum
1319 3870 1445 3956 globuli

316 3976 434 4062 exigui,
465 3999 640 4043 numerum
662 3977 820 4043 maiorem
844 3977 961 4042 talium
984 3978 1201 4064 granulorum
1224 3977 1444 4042 continentes.

358 4081 527 4148 Nonnulla
561 4083 707 4149 frustula
740 4107 761 4149 a
793 4083 975 4148 seminibus
998 4083 1139 4149 oriunda
1161 4105 1292 4171 quoque
1314 4083 1350 4146 in
1373 4083 1446 4168 pul-

317 4189 447 4255 veribus
480 4190 659 4277 diligenter
692 4191 818 4277 paratis
852 4189 995 4255 inveniri
1028 4191 1152 4269 solent;
1184 4190 1218 4254 in
1242 4187 1444 4274 pulveribus,

1361 4344 1395 4398 14
