3544 5050
857 510 923 573 433

545 721 764 815 Tartras
799 720 1004 816 kaiicus
1036 699 1233 816 acidus.

620 880 768 949 Cramer
791 881 936 948 'Ibrtari
959 881 1165 966 deputatae.

651 1004 1130 1094 c,a,(on),ooou.coou.

367 1133 481 1198 Pulvis
492 1132 597 1210 albus,
611 1130 834 1216 crystallinus,
846 1131 1028 1196 reactionis
1039 1133 1162 1198 acidae.
1176 1134 1314 1198 Tartras
1326 1133 1454 1198 kalicus

322 1241 434 1305 acidus
457 1239 493 1303 in
516 1259 620 1324 aquae
644 1237 796 1323 partibus
820 1240 894 1316 219,
918 1237 953 1302 in
977 1239 1127 1304 alcaliuis
1144 1239 1244 1305 facile
1256 1241 1406 1317 solvitur,
1420 1239 1454 1304 in

323 1347 443 1433 spiritu
465 1368 533 1411 non
557 1345 707 1410 solvitur.

367 1454 505 1518 Tartras
528 1450 657 1517 kalicus
680 1451 794 1515 acidus
814 1453 1022 1517 comburitur
1041 1474 1202 1539 spargens
1215 1454 1351 1520 odorem
1363 1453 1457 1518 velut

322 1559 471 1626 sacchari
492 1558 591 1635 tosti;
615 1557 810 1622 combustus
822 1558 980 1643 relinquit
992 1559 1134 1624 cinerem
1147 1561 1291 1626 carbone
1302 1561 1454 1637 mixtum,

321 1667 378 1752 qui
395 1667 545 1732 chartam
573 1664 832 1748 exploratoriam
855 1665 1000 1744 rubram,
1025 1667 1247 1732 madefactam
1270 1667 1455 1732 caeruleam

322 1772 432 1838 reddit
455 1778 490 1838 et
511 1771 678 1835 flammam
701 1792 770 1835 non
792 1771 957 1836 lucentem
982 1773 1091 1838 colore
1116 1773 1263 1838 violaceo
1285 1773 1402 1839 inficit.

366 1878 531 1944 Tartratis
553 1877 655 1942 kalici
676 1877 764 1943 acidi
785 1899 936 1964 gramma
957 1883 973 1943 1
995 1879 1030 1942 in
1050 1879 1236 1944 ammoniae
1251 1879 1456 1944 centimetris

321 1984 446 2050 cubicis
477 1987 495 2048 2
528 1989 560 2048 et
590 2005 695 2070 aquae
725 1983 930 2049 centimetris
960 1984 1085 2050 cubicis
1109 1986 1129 2047 8
1153 1984 1309 2062 solutum,
1341 1984 1455 2049 addito

321 2090 553 2177 sulfohydrate
575 2091 772 2168 ammonico,
796 2090 938 2176 speciem
960 2113 1002 2155 ne
1026 2096 1141 2156 mutet.

366 2199 480 2284 Aquae
509 2197 742 2263 centimetrum
772 2197 964 2262 cubicorum
989 2201 1030 2262 10
1053 2220 1129 2263 cum
1159 2198 1324 2262 Tartratis
1355 2198 1455 2263 kalici

322 2306 409 2372 acidi
437 2309 621 2392 grammate
654 2308 670 2368 1
704 2327 763 2390 per
792 2305 894 2369 horae
917 2311 1045 2391 partem
1069 2305 1310 2390 sexagesimam
1335 2308 1351 2367 1
1377 2326 1454 2369 con·

322 2417 563 2498 quassatorum,
598 2410 799 2475 filtratorum
834 2411 1029 2476 centimetra
1060 2412 1176 2477 cubica
1200 2415 1229 2488 5,
1253 2432 1358 2497 aquae
1382 2412 1455 2497 pari

322 2519 490 2585 volumine
519 2517 636 2595 diluta,
660 2516 784 2581 additis
806 2516 901 2581 acido
925 2517 1046 2582 nitrico
1070 2522 1103 2582 et
1127 2518 1249 2582 nitrate
1273 2518 1454 2602 argentine,

322 2628 410 2692 clara
433 2627 501 2690 sint
524 2645 584 2710 per
595 2625 696 2689 horae
708 2628 838 2710 partem
849 2645 917 2687 non
928 2623 1038 2688 miuus
1050 2646 1150 2709 quam
1162 2625 1404 2711 sexagesimam
1419 2630 1434 2688 1
1447 2647 1454 2703 ;

322 2733 521 2798 filtratorum
543 2753 628 2817 quae
646 2736 785 2808 restant,
802 2730 925 2795 additis
937 2730 1032 2795 acido
1044 2732 1165 2797 nitrico
1178 2737 1211 2796 et
1222 2732 1346 2796 nitrate
1359 2731 1456 2817 bary·

322 2839 389 2906 tice
411 2862 453 2904 ne
475 2839 653 2904 turbentur
676 2837 766 2902 intra
789 2839 890 2902 horae
914 2843 1043 2924 partem
1066 2843 1204 2902 sextam.

368 2945 533 3010 Tartratis
555 2943 658 3008 kalici
680 2942 767 3007 acidi
790 2949 974 3028 grammate
1000 2949 1015 3007 1
1042 2965 1117 3010 cum
1141 2945 1227 3009 acidi
1250 2945 1456 3011 aceticicen·

321 3050 464 3116 timetris
487 3049 611 3115 cubicis
626 3053 666 3113 10
679 3071 738 3136 per
750 3049 851 3114 horae
863 3055 993 3137 partem
1005 3051 1244 3135 sexagesimam
1256 3055 1271 3114 l
1286 3057 1454 3130 concoct0,

321 3157 459 3242 liquoris
492 3158 540 3223 ita
574 3159 691 3243 parati,
734 3181 839 3246 aquae
874 3158 1079 3224 centimetris
1114 3157 1239 3223 cubicis
1277 3162 1317 3222 15
1348 3157 1455 3235 diluti,

321 3263 511 3349 refrigerati
533 3263 667 3343 filuata,
691 3266 806 3331 addito
830 3268 960 3332 oxalate
984 3265 1181 3342 ammonic0,
1207 3267 1296 3330 clara
1319 3265 1387 3330 sint
1399 3287 1458 3352 per

323 3371 422 3436 horae
446 3375 575 3458 partem
597 3393 665 3436 non
689 3373 799 3437 minus
822 3395 922 3458 qoam
945 3371 1187 3458 sexagesimam
1216 3376 1244 3436 1.

366 3477 503 3542 Tartras
525 3477 655 3543 kalicus
679 3478 802 3556 acidus,
815 3501 883 3543 una
903 3500 977 3544 cum
991 3477 1156 3544 solutione
1169 3477 1323 3563 hydratis
1335 3478 1455 3542 natrici

321 3582 511 3662 calefactus,
534 3605 596 3670 gna
619 3586 805 3650 ammoniae
828 3609 870 3650 ne
893 3587 1036 3652 emittat.

821 3942 958 4036 Teia.

363 4116 505 4182 Textum
528 4139 546 4181 o
569 4115 635 4180 filis
647 4115 707 4178 lini
721 4115 829 4201 xylini
840 4117 995 4203 depurati
1006 4116 1208 4195 confectum,
1222 4115 1311 4202 quod
1324 4119 1454 4201 prostat

321 4223 452 4288 nomine
472 4221 802 4310 „Hydropbilgaas’'.

1371 4360 1407 4413 30
