3582 5034
863 524 928 586 305

371 717 431 783 Pix
454 717 702 784 Lithanthracis
725 716 860 782 flamma
882 719 1084 803 permultum
1104 719 1257 806 fuliginis
1276 721 1455 806 praebente

324 824 539 903 comburitur,
561 830 660 889 aucto
683 824 791 890 calore
814 823 885 890 fere
908 826 993 890 nihil
1014 827 1189 912 relinquat.

369 931 421 995 Ad
455 951 552 996 usum
587 931 890 1015 pharmaceuticum
916 931 977 997 Pix
1001 933 1249 998 Lithanthraoia
1272 955 1331 1019 per
1355 934 1453 998 horae

326 1039 346 1100 3
379 1037 498 1104 caloris
532 1038 639 1122 gradu
660 1035 733 1102 '50⁰
766 1039 921 1124 seposita,
957 1061 1052 1125 aqua,
1090 1041 1119 1105 si
1142 1061 1207 1125 qua
1230 1046 1356 1106 secreta
1380 1041 1452 1118 erit,

324 1149 459 1222 remota,
482 1144 616 1210 residuo
639 1150 779 1224 retento,
804 1146 941 1211 coletur.

644 1443 695 1542 ÷
730 1448 820 1541 Pix
853 1449 1052 1542 solida.

367 1607 523 1672 Materies
546 1630 630 1693 quae
654 1629 672 1672 e
697 1607 771 1672 Pice
793 1607 919 1693 liquida
942 1607 1000 1672 diu
1019 1607 1187 1674 destillata
1206 1610 1259 1674 vel
1275 1615 1454 1695 evaporata

324 1719 483 1799 superest.

365 1857 475 1922 Massa
504 1857 663 1934 resinosa,
690 1857 795 1942 nigra,
821 1878 896 1922 cum
920 1857 1043 1942 frigida
1066 1864 1118 1923 est
1140 1858 1279 1944 fragilia,
1304 1859 1452 1926 fractura

320 1962 434 2041 nitida,
465 1963 626 2028 ramentis
656 1963 837 2048 perfuscis3
861 1963 977 2049 digitis
1008 1964 1102 2051 depsi
1126 1969 1247 2050 potest,
1272 1987 1338 2050 quo
1361 1966 1451 2033 facto

321 2073 392 2134 atra
411 2070 459 2134 fit.

364 2177 425 2241 Pix
448 2177 554 2241 solida
577 2177 683 2262 picem
706 2177 868 2262 liquidam
891 2177 1136 2262 quodammodo
1159 2179 1297 2257 redolet,
1323 2179 1450 2263 saporis

320 2287 370 2347 est
393 2283 633 2368 propemodum
657 2305 785 2369 expers,

363 2389 424 2455 Pix
454 2389 561 2454 solida
585 2389 619 2453 in
642 2395 781 2456 aoetono
806 2389 903 2456 facile
928 2391 1086 2468 solvitur;
1111 2412 1186 2456 cum
1211 2391 1349 2456 benzolo
1372 2411 1450 2456 con·

320 2501 474 2579 quassata
509 2501 641 2562 tantum
675 2517 793 2582 parum
829 2497 996 2574 solvatur;
1032 2497 1142 2583 liquor
1172 2496 1219 2560 ita
1249 2501 1450 2581 paratusne

318 2599 503 2669 fluoreseat.

784 2747 987 2758 ——u-—u—

606 2873 657 2972 ÷
692 2878 845 2972 Potio
881 2879 1076 2972 niceri.

362 2999 461 3065 solve

319 3184 326 3198 ι
414 3112 504 3165 Aridi
531 3112 636 3166 altrici
662 3115 796 3185 partes
817 3109 988 3185 quinque
991 3153 1352 3168 ..........
1431 3112 1448 3168 5

316 3207 351 3249 m

413 3284 524 3352 Aquae
554 3276 741 3353 partibus
769 3278 1063 3354 quinquaginta
1065 3322 1352 3338 ........
1410 3281 1449 3338 50

360 3373 423 3438 His
446 3373 531 3439 adde

412 3486 556 3550 spiritus
576 3487 658 3538 uitri
680 3488 817 3558 partes
841 3483 1015 3559 quinque
1021 3526 1350 3542 .........
1429 3486 1446 3542 5

217 3562 349 3622 -et

411 3655 520 3719 strepi
550 3655 708 3720 simplicis
729 3657 863 3727 partes
885 3651 1034 3726 viginti
1055 3651 1235 3728 quinque.
1264 3695 1271 3710 .
1304 3696 1311 3709 .
1344 3696 1351 3710 .
1410 3653 1447 3710 25

358 3745 534 3832 Liquorem
558 3747 606 3811 ita
628 3752 784 3834 paratum
807 3749 896 3813 lente
919 3748 1052 3813 affunde
1076 3749 1195 3814 solutis

317 3929 324 3943 ·
410 3859 632 3911 sinuessanus
656 3860 775 3912 nutrici
796 3853 981 3932 partibus
1003 3875 1068 3913 sex
1103 3901 1350 3915 .......
1429 3857 1445 3914 6

315 3951 349 3992 m
412 4029 523 4090 Aquae
551 4022 738 4099 partibus
765 4029 920 4081 centum
948 4021 1075 4081 decem
1102 4067 1350 4083 .......
1390 4024 1446 4081 110

358 4113 446 4182 Oura
468 4123 506 4184 ut
529 4119 615 4185 acidi
638 4120 805 4186 sarbonici
828 4142 928 4206 quam
952 4121 1131 4206 plurimum
1156 4123 1315 4187 solvatur.
