3582 5034
867 511 930 576 289

569 757 799 877 Oxydum
836 760 1228 877 magnesiam.

754 963 934 1045 Magnesia
957 965 1049 1030 usta.

844 1131 945 1218 ugo,

375 1301 488 1365 Pulvis
511 1300 616 1378 albus,
630 1301 750 1378 tenuis,
763 1301 919 1386 aequalis,
933 1302 1133 1367 levissimus.
1159 1301 1318 1388 Oxydum
1329 1323 1464 1387 magne-

245 1448 247 1454 ·
332 1409 437 1472 sicum
460 1409 494 1472 in
518 1429 603 1494 aqua
624 1407 694 1472 fere
711 1409 953 1488 nonsolvitur;
978 1409 1093 1475 addito
1105 1409 1201 1475 acido
1213 1409 1334 1474 uitrico
1346 1409 1463 1487 diluto,

330 1515 492 1600 liquorem
516 1515 653 1600 praebet
671 1515 806 1592 clarum,
819 1515 939 1580 coloris
951 1521 1130 1600 expertem,
1144 1516 1256 1600 inquo
1269 1536 1464 1600 perammo·

331 1622 421 1686 niam
444 1622 586 1687 alcalino
608 1621 709 1700 iacto,
729 1621 845 1687 addito
856 1623 1044 1708 phosphate
1057 1623 1194 1700 natrice,
1208 1622 1465 1708 praecipitatum

332 1728 455 1814 album,
478 1729 710 1814 crystallinum
734 1728 922 1815 deponitur.

375 1836 490 1922 Aquae
513 1835 747 1901 centimetrum
770 1836 961 1902 cubicorum
987 1837 1028 1900 25
1051 1857 1127 1900 cum
1152 1834 1264 1919 Oxydi
1283 1834 1465 1919 magnerici

332 1947 518 2027 mmmate
552 1947 569 2006 1
602 1965 662 2029 per
691 1943 793 2007 horas
831 1947 961 2029 partem
995 1942 1197 2008 tricesimam
1231 1947 1465 2008 concoctorum

330 2048 456 2114 filtrsta
496 2048 612 2114 addito
635 2049 768 2115 oxalate
791 2049 978 2114 ammonico
1000 2049 1091 2114 intra
1114 2050 1215 2113 horae
1234 2053 1364 2133 partem
1383 2047 1465 2112 duo-

330 2155 492 2221 decimam
516 2178 558 2220 ne
581 2155 776 2240 turbentur;
792 2156 993 2222 filtratorum
1004 2156 1201 2223 centimetra
1212 2155 1328 2221 cubica
1342 2158 1392 2230 10,
1406 2175 1465 2240 per

332 2263 643 2349 phenolphthaleini
661 2267 792 2348 guttam
803 2267 831 2326 ’1
848 2265 950 2329 rubra
968 2263 1070 2344 facta,
1082 2263 1197 2327 addita
1208 2261 1294 2329 acidi
1305 2261 1465 2326 normalis

331 2375 430 2454 gutta
450 2373 479 2446 1,
492 2369 637 2435 colorem
656 2369 832 2448 amittant3
856 2370 1057 2436 filtratorum
1076 2369 1281 2436 centimetris
1303 2367 1428 2434 cubicis
1445 2371 1464 2432 5

333 2476 532 2562 evaporatio,
568 2498 698 2542 massae
732 2477 859 2542 solidae
893 2499 935 2542 ne
965 2478 1161 2563 plusquam
1186 2475 1463 2561 milligrammal

331 2582 486 2668 supersit.
500 2582 657 2669 Oxydum
681 2584 908 2670 magnesicum
931 2605 1007 2650 cum
1019 2581 1465 2670 aquaconcoctuminacido

331 2690 456 2756 ucetico
468 2712 537 2755 non
548 2691 602 2754 vel
614 2695 745 2755 tantum
757 2713 874 2777 parum
887 2691 1106 2756 effervescens
1118 2690 1285 2766 solvatur3
1297 2687 1407 2773 liquor
1417 2688 1466 2752 ita

332 2801 478 2881 paratus,
502 2818 587 2882 aqua
609 2797 652 2860 ad
671 2798 869 2862 centimetra
891 2796 1006 2864 cubica
1020 2801 1061 2862 50
1081 2796 1216 2874 dilutus,
1236 2795 1352 2860 addito
1370 2793 1466 2860 acido

330 2901 611 2987 hydrosulfurico
636 2905 779 2990 speciem
799 2926 841 2968 ne
860 2909 968 2969 mutet
987 2926 1081 2982 nors,
1094 2903 1223 2980 deinde,
1236 2901 1465 2967 utreectionis

332 3008 390 3073 fiat
421 3009 590 3088 cinelinus,
622 3010 738 3075 addita
761 3011 930 3075 ammonia
964 3011 1079 3076 statim
1104 3010 1316 3086 obscuretur;
1340 3007 1464 3072 additis
1574 3017 1579 3030 '

331 3114 417 3180 acidi
440 3116 552 3182 uitrici
575 3118 682 3201 guttis
705 3118 883 3195 nonnullis,
909 3117 938 3182 si
960 3118 1068 3182 nitras
1091 3117 1263 3201 berytious
1285 3116 1340 3180 vel
1358 3115 1464 3180 nitras

331 3222 520 3306 argentinus
543 3223 713 3289 admixtus
736 3225 808 3303 erit,
833 3246 892 3310 per
904 3224 1005 3288 horae
1017 3227 1146 3308 partem
1158 3243 1225 3287 non
1243 3221 1353 3286 minus
1365 3242 1465 3306 quam

332 3327 562 3394 duodecimam
585 3331 692 3395 clarus
716 3331 770 3396 sit.

375 3435 445 3499 Gaz
468 3435 578 3500 orions
613 3458 630 3500 e
665 3437 750 3503 zinci
773 3437 883 3502 frusto
905 3440 1065 3522 reagente
1088 3435 1123 3500 in
1147 3435 1261 3520 Oxydi
1283 3435 1465 3519 magnesici

332 3561 483 3625 gramm
505 3546 532 3619 1,
547 3539 582 3606 in
594 3543 680 3608 acidi
692 3543 843 3609 sullurici
856 3543 955 3608 diluti
965 3542 1173 3608 centimetris
1184 3540 1308 3608 cubicis
1324 3545 1364 3605 10
1377 3540 1465 3605 solu-

332 3650 413 3724 tum,
441 3648 592 3713 chartam
617 3647 775 3726 bibulam,
798 3650 948 3716 chlorcto
967 3649 1211 3736 hydrargyrico
1231 3647 1463 3726 madefactam,

332 3751 454 3818 flavam
478 3775 519 3818 ne
542 3754 661 3820 reddat
685 3756 775 3822 intra
797 3757 899 3822 horae
923 3761 1052 3843 partem
1075 3761 1240 3842 quartam.

799 4111 1001 4124 ——n-
