3532 5034
859 531 922 596 48⁷

324 724 574 809 Atropinum.
599 723 851 809 Hydroehlores
875 725 1055 809 Morphini.
1081 725 1388 810 Milligrcmmetum
1414 729 1456 791 10

364 831 400 894 10
411 852 518 916 equae
530 830 727 896 centimetro
739 831 855 897 cubico
869 835 885 896 1
899 831 1086 897 solutorum
1096 831 1232 898 iniectio
1240 832 1457 902 0010010000.

324 993 608 1060 Beliadonnam
631 997 670 1057 01
693 1013 753 1076 per
774 993 987 1077 Atropinum.

323 1153 573 1221 Bioxalatem
596 1153 768 1220 kalicum
791 1158 830 1218 01
852 1173 912 1238 per
934 1152 1048 1218 Acidc.

323 1314 495 1399 cuprum
529 1314 781 1381 continentia.
816 1313 974 1398 Oxydum
1004 1315 1229 1400 magnesicum
1252 1319 1453 1402 (grammate

366 1424 385 1485 5
419 1441 495 1486 cum
530 1441 636 1506 cquae
669 1421 875 1485 centimetris
909 1421 1034 1487 cubicis
1070 1423 1150 1505 100)
1184 1423 1238 1488 vel
1271 1424 1322 1488 100
1356 1425 1457 1489 001010

365 1527 520 1592 dilutum.
556 1523 688 1592 Solutio
721 1527 900 1592 elbuminis
929 1532 983 1612 (01
1012 1550 1072 1614 per
1094 1529 1224 1615 Aquom
1247 1531 1455 1615 chloretcm).

367 1636 488 1700 Postea
511 1635 608 1699 alvus
631 1634 830 1699 exieniende
853 1639 914 1700 est.

322 1797 620 1880 Hydrargyrum
662 1797 914 1864 continentia.
961 1795 1085 1862 Statim
1119 1798 1243 1862 solutio
1277 1797 1455 1864 albuminis

365 1904 419 1986 (ut
441 1924 501 1988 per
523 1903 653 1989 Aquam
676 1901 884 1986 0111000100),
909 1903 969 1981 lec,
993 1903 1044 1968 lec
1066 1903 1166 1969 culcis
1177 1904 1332 1970 dilutum.
1357 1904 1455 1971 Com-

365 2009 490 2074 mixtee
525 2009 675 2074 Pulveris
709 2009 792 2074 ferri
815 2013 928 2096 portes
952 2011 972 2075 9
996 2015 1030 2075 01
1053 2009 1200 2077 Suliuris
1223 2016 1336 2096 partes
1359 2014 1380 2076 4
1403 2013 1456 2077 vel

366 2115 522 2181 sulfidum
548 2115 714 2182 ferrosum
737 2137 853 2183 recens
876 2117 1141 2203 praecipitatum.

322 2278 540 2362 Hydratem
564 2277 740 2346 chiorali.
775 2277 889 2343 Sulfas
911 2278 1069 2363 Atropini
1092 2283 1131 2344 ut
1155 2300 1214 2364 per
1232 2279 1353 2346 Semen
1366 2280 1454 2366 Phy-

364 2383 581 2468 sostigmutis.
1354 2393 1361 2404 “

321 2527 646 2611 Hypochloritem
679 2528 879 2594 calcicum.
919 2526 1112 2592 Thiosulfae
1145 2528 1294 2594 nutriens
1327 2531 1404 2614 (gra
1439 2567 1451 2578 -

364 2637 457 2698 0010
481 2635 523 2697 10
545 2633 582 2697 10
605 2655 712 2719 cquee
734 2633 940 2699 centimetris
963 2634 1088 2701 cubicis
1113 2637 1178 2700 250
1201 2636 1334 2719 solute).

320 2776 602 2843 Iodoformum.
650 2776 882 2842 Bicerbonctis
920 2777 1042 2844 nutrici
1074 2778 1266 2862 (solutionis
1299 2777 1453 2864 pertibus

363 2884 553 2949 centesimis
576 2885 611 2968 5)
633 2884 818 2950 cochlearis
841 2885 982 2970 singula.

320 3027 758 3111 Metadioxybenzolum
791 3027 1047 3112 (11000το1000).
1079 3028 1146 3094 Lac
1175 3028 1275 3094 culcis
1297 3029 1451 3095 dilutum.

365 3132 486 3197 Postea
512 3132 609 3196 alvus
631 3132 854 3196 exinanienda
877 3138 937 3200 est.
970 3133 1072 3198 Nulla
1094 3134 1233 3219 pinguia
1255 3156 1363 3220 neque
1382 3136 1452 3202 1001

320 3276 524 3344 Metallum
555 3278 752 3360 quoddam
776 3277 1017 3344 continentia
1038 3278 1186 3361 (prester
1209 3299 1257 3355 ec,
1282 3299 1366 3362 queo
1390 3280 1452 3344 hnc

363 3381 399 3446 10
432 3381 547 3448 tabule
580 3403 737 3469 expresse
766 3383 1007 3467 nominentur).
1043 3383 1174 3449 Solutio
1197 3384 1376 3450 albuminis
1398 3388 1452 3470 (ut

364 3510 424 3574 per
445 3489 577 3576 Aquom
600 3489 799 3574 chlorctem)
821 3490 875 3555 vel
897 3491 958 3556 lec.

321 3633 464 3717 Opium
498 3637 533 3697 et
567 3654 615 3711 00,
641 3654 725 3718 quae
748 3655 791 3697 ex
813 3633 870 3698 illo
894 3637 1013 3718 parete
1036 3639 1126 3699 0001.
1157 3633 1272 3700 Sulfes
1294 3634 1451 3719 Atropini

363 3742 417 3822 (ut
439 3759 499 3824 per
521 3737 642 3804 Semen
666 3738 971 3824 Physostigmetis).

319 3882 555 3950 Petroleum.
591 3880 722 3948 Solutio
746 3880 926 3947 albuminis
949 3883 1002 3965 (01
1024 3903 1084 3968 per
1102 3883 1233 3968 Aquam
1252 3883 1452 3965 chlorntum)

363 3988 417 4052 vel
440 3988 500 4053 100.

320 4130 549 4199 Phenolum.
584 4130 803 4213 (Oreolinum,
830 4131 1017 4207 Kresolum,
1043 4130 1220 4217 Liquorem
1243 4130 1375 4196 Kresoli
1399 4151 1451 4194 00-

363 4241 548 4324 00001010),
571 4243 610 4302 01
633 4259 693 4324 per
715 4237 1094 4324 Metedioxybeuzolum.
