3530 5026
853 506 916 570 143

360 705 484 791 Liquor
506 703 624 781 clarus,
649 701 787 768 obscuse
811 700 1016 768 fliscoruber.

359 813 556 878 Extraclum
590 808 734 875 Rhamni
770 809 972 874 Pusshianae
1006 808 1178 896 liquidum,
1214 809 1329 875 addita
1358 832 1445 896 aqua

317 920 485 1003 (1:10),
508 917 670 1003 liquorem
693 917 831 1002 praebet
853 917 1033 994 turbidum,
1058 914 1289 994 flavofuscum‚
1314 916 1445 1002 saporis

317 1025 426 1102 amari,
452 1024 517 1110 qui,
542 1023 658 1089 addico
681 1023 820 1109 spiritus
842 1024 915 1110 pari
937 1023 1117 1102 volumine,
1140 1023 1301 1089 clarescit.

359 1131 511 1197 Exiracti
545 1130 824 1216 milligrammabis
861 1132 934 1209 100,
964 1152 1068 1217 aquae
1092 1129 1298 1196 canbimelris
1321 1130 1445 1196 cubicis

317 1241 336 1301 5
364 1237 489 1315 mixtis,
513 1258 590 1303 cum
611 1238 757 1302 aetheris
779 1237 985 1303 centimelris
1007 1237 1132 1303 cubicis
1157 1241 1177 1301 5
1200 1237 1441 1323 conquassatis,

315 1341 421 1430 liquor
453 1344 629 1410 aethereus
659 1343 767 1409 flavus
790 1344 844 1410 sit.
891 1343 966 1424 Quo
995 1344 1124 1430 liquore
1153 1365 1230 1409 cum
1259 1344 1445 1408 ammoniae

317 1450 519 1516 centimeuis
549 1450 674 1516 cubicis
698 1453 718 1516 3
741 1456 972 1537 conquassato,
997 1451 1107 1537 liquor
1129 1472 1274 1537 aquosus
1298 1451 1443 1516 colorem

318 1557 419 1622 trahil
441 1557 581 1623 obscure
604 1557 752 1623 rubrum.

360 1664 556 1730 Exiracbum
596 1664 740 1730 Rhamni
782 1665 985 1731 Purshianae
1025 1664 1188 1752 liquidum
1226 1669 1442 1752 evaporabum

318 1777 424 1854 parles
447 1771 645 1837 centesimus
667 1793 737 1836 non
758 1772 869 1836 minus
892 1793 991 1857 quam
1017 1773 1057 1836 25
1081 1771 1257 1857 relinquat.

630 2298 943 2391 [sitacium
979 2297 1121 2391 llbei.

359 2473 494 2541 Percola

409 2586 563 2640 Redlcem
584 2586 665 2640 nasi
685 2582 724 2639 in
745 2580 876 2640 discos
897 2587 1037 2640 tenues
1058 2581 1254 2639 concisam

316 2679 499 2762 permixta
1241 2763 1244 2770 Ι

408 2792 550 2856 spiritus
570 2793 609 2845 eb
628 2794 739 2857 Aquas
766 2787 963 2845 volumina
984 2785 1152 2844 totidem

313 2881 389 2945 dum
417 2883 528 2970 liquor
556 2882 705 2949 defluens
734 2883 855 2950 coloris
885 2888 919 2948 el
952 2882 1081 2969 saporis
1104 2882 1174 2948 fere
1197 2903 1315 2970 expers
1338 2885 1383 2950 sit
1406 2889 1441 2950 eb

312 2990 477 3074 percolata
499 3012 644 3076 evapora
666 2991 708 3056 ad
732 2994 919 3056 extractum
943 2991 1075 3056 siccum.

355 3095 551 3162 Exiracbum
574 3098 668 3177 Rhei,
693 3098 808 3164 addita
830 3119 916 3184 aqua
937 3100 972 3183 (1
991 3125 1024 3159 =
1044 3100 1109 3183 10),
1125 3099 1287 3185 liquorem
1300 3098 1436 3184 praebet

311 3202 489 3282 turbidum,
520 3205 659 3271 obscuse
687 3205 917 3283 flavoiuscum,
942 3205 1071 3291 saporis
1094 3205 1207 3284 amari,
1232 3205 1299 3291 qui,
1323 3204 1439 3270 addibo

311 3309 448 3394 apicibus
470 3312 543 3396 pari
565 3313 743 3390 volumine,
767 3313 928 3378 clarescit.

354 3415 507 3483 Extracti
540 3419 818 3504 milligrammalis
851 3422 892 3484 10
914 3441 1019 3506 aquae
1041 3419 1247 3485 centimetris
1270 3418 1394 3485 cubicis
1418 3421 1438 3484 5

311 3522 423 3589 mixtis
468 3545 543 3590 cum
577 3526 721 3592 aetheris
755 3527 961 3593 centimetris
990 3527 1115 3593 cubicis
1146 3531 1166 3591 5
1197 3527 1436 3611 conquassatis,

310 3628 417 3715 liquor
438 3632 613 3699 aethereus
628 3633 736 3698 flavus
752 3633 806 3698 sit.
827 3633 1040 3720 Quoliquore
1051 3656 1126 3699 cum
1138 3633 1324 3698 ammoniae
1335 3633 1438 3699 centi-

310 3737 423 3804 mebris
445 3737 570 3804 cubicis
593 3743 614 3804 3
636 3746 867 3827 conquassate,
891 3741 1000 3826 liquor
1022 3762 1166 3827 aquosus
1178 3741 1322 3807 colorem
1333 3740 1438 3804 trahit

311 3843 446 3911 obsclus
467 3844 615 3912 rubrum.

354 3950 431 4018 Per
452 3952 613 4019 calcem
634 3954 776 4019 vivam
799 3955 1069 4020 servandum.

772 4179 975 4192 m
