3582 5034
883 471 947 534 258

350 665 572 752 sutioayaneti
593 664 770 730 ammonici
787 687 828 730 ne
851 665 927 750 plus
950 686 1049 751 quam
1072 665 1268 730 centimetra
1290 664 1406 730 cubica
1426 668 1478 743 8,6

349 772 572 859 requirantur.
599 772 744 838 Nitratia
766 771 929 858 argentiei
951 772 1183 838 deainormalis
1206 771 1402 842 centimetra
1424 792 1479 838 au-

349 879 424 945 biea
453 880 585 966 singula
614 879 766 944 adhibita
789 901 864 945 aum
888 877 1076 964 OeriNOe
1101 878 1379 963 milligrammatis
1403 881 1476 956 35,1

348 987 563 1052 conveniunt.

394 1120 425 1184 A
455 1119 549 1186 luae
579 1124 773 1185 remotus
804 1124 1019 1185 servetur.

815 1449 1008 1461 ρ-ι-α--α

697 1737 829 1833 sstea
862 1739 1098 1858 pinguia.

393 1942 475 2008 Olea
509 1944 655 2029 pinguia,
691 1943 720 2008 si
755 1965 839 2029 opus
870 1944 934 2008 erit
956 1943 1125 2022 calefacta,
1150 1946 1239 2012 alara
1263 1947 1340 2025 sint,
1366 1948 1478 2013 odoris

348 2050 432 2135 puri,
458 2051 594 2115 omnino
617 2072 685 2115 non
708 2050 856 2128 rancidi3
881 2051 916 2114 in
939 2051 1074 2116 aethere
1086 2056 1120 2116 et
1131 2051 1166 2115 in
1178 2053 1402 2120 chloroiormo
1415 2076 1476 2140 pro

348 2157 466 2242 quavis
489 2157 643 2242 portione
666 2158 846 2223 solvantur.

393 2263 475 2328 Olea
498 2265 636 2350 pinguia
659 2270 834 2329 serventur
855 2264 891 2328 in
913 2264 1041 2349 lagenis
1063 2265 1117 2329 vel
1140 2265 1233 2330 urnis
1252 2266 1356 2344 sienis,
1377 2289 1477 2353 quam

348 2371 491 2435 maxime
514 2371 668 2456 impletis,
693 2372 777 2436 bene
801 2371 976 2450 obturatis,
990 2370 1475 2456 loeofrigido,alueeremota.

393 2477 475 2542 Olea
497 2478 635 2564 pinguia
657 2478 761 2543 libera
785 2477 852 2541 sint
872 2477 953 2542 oleis
966 2477 1100 2556 alienis;
1114 2500 1193 2542 num
1206 2480 1315 2544 oleum
1326 2480 1477 2567 gossypii

350 2585 403 2649 vel
438 2585 557 2649 sesami
590 2584 645 2648 vel
679 2585 751 2649 olea
773 2584 983 2649 mineralium
1006 2585 1119 2662 insint,
1144 2587 1192 2651 ita
1216 2586 1319 2651 statui
1343 2592 1474 2672 potest:

393 2689 483 2754 Num
507 2692 616 2756 oleum
639 2691 790 2776 gossypii
813 2691 895 2756 insit
919 2691 1095 2756 statuitur:
1510 2766 1514 2774 1

392 2797 429 2862 Si
459 2796 498 2862 ¹in
534 2799 615 2863 tubo
650 2799 758 2863 vitreo
793 2799 857 2863 olei
892 2798 1088 2863 centimetra
1116 2799 1231 2864 'eubiea
1256 2801 1274 2862 2
1298 2799 1341 2863 ad
1365 2803 1385 2863 3
1409 2821 1477 2864 una

346 2926 421 2969 eum
444 2905 604 2970 aleoholis
616 2905 748 2990 amylini
761 2911 794 2970 et
807 2905 944 2970 sulfuris
956 2905 1109 2990 depurati
1122 2906 1157 2968 in
1170 2905 1288 2970 sultido
1300 2907 1476 2972 carbonico

347 3015 379 3096 (1
399 3038 433 3072 =
453 3013 530 3095 100)
564 3012 666 3076 soluti
695 3013 831 3097 paribus
865 3012 1089 3078 voluminibus
1124 3034 1183 3098 per
1216 3013 1317 3077 horae
1348 3019 1475 3098 partem

347 3124 475 3183 sextam
509 3118 543 3181 in
578 3117 696 3183 balneo
730 3141 835 3205 aquae
869 3125 1129 3204 concoquuntur,
1164 3119 1302 3205 liquoris
1336 3120 1371 3183 in
1394 3119 1475 3186 tubo

346 3225 465 3290 inclusi
488 3224 559 3289 fere
582 3225 720 3291 dimidio
743 3245 844 3311 supra
867 3248 985 3312 aquam
1005 3227 1179 3304 eminente,
1200 3226 1313 3304 mixta,
1327 3226 1355 3290 si
1368 3227 1476 3291 oleum

346 3331 496 3416 gossypii
519 3331 616 3410 inest,
640 3333 830 3398 rubescunt.
856 3333 893 3398 Si
915 3333 1097 3411 dubitatur,
1122 3334 1231 3419 liquor
1252 3333 1362 3397 denuo
1374 3334 1476 3398 semel

345 3439 399 3502 vel
421 3437 473 3503 bis
497 3437 635 3503 sulfuris
655 3439 689 3502 in
705 3439 825 3504 sulfido
836 3440 1011 3506 carbonieo
1024 3440 1126 3505 soluti
1137 3441 1340 3506 centimetris
1351 3441 1475 3507 cubicis

345 3545 486 3630 singulis
509 3545 688 3611 misceatur
710 3552 744 3611 et
766 3568 826 3632 per
845 3548 944 3611 horae
957 3552 1085 3632 partem
1097 3547 1324 3612 duodecimam
1336 3547 1473 3612 calefiat.

390 3649 482 3714 Num
505 3652 613 3715 oleum
637 3652 756 3716 sesami
779 3652 861 3716 insit
884 3652 1062 3717 statuitur:

391 3758 427 3823 Si
451 3756 515 3822 olei
538 3757 743 3824 centimetris
766 3758 890 3823 cubicis
915 3757 1056 3823 5turoli
1079 3760 1113 3840 (1
1129 3761 1255 3841 :100)
1279 3763 1394 3844 guttae
1408 3761 1426 3822 2
1440 3764 1474 3824 et

344 3864 431 3930 acidi
465 3865 712 3951 hydroehloriei
742 3866 948 3930 concentrati
972 3865 1133 3950 (pondere
1155 3865 1309 3950 specifico
1334 3868 1409 3944 1,18
1432 3865 1474 3929 nd

347 3971 649 4056 1‚19)‚esntimetra
670 3973 788 4038 cubica
812 3975 853 4036 10
877 3973 1047 4037 adduntur
1059 3978 1093 4037 et
1104 3971 1240 4036 fortiter
1250 3993 1474 4058 conquassan-

344 4083 409 4156 tur,
434 4083 576 4144 stratum
600 4079 695 4157 acidi,
717 4080 746 4144 si
769 4080 877 4144 oleum
897 4081 1016 4145 sesami
1035 4081 1132 4158 inest,
1150 4080 1272 4145 eoloris
1283 4079 1425 4146 aerasini
1436 4079 1475 4142 fit

345 4185 434 4252 intra
456 4187 558 4252 horae
581 4191 710 4272 partem
734 4187 943 4253 tricesimam.
