3582 5034
883 509 947 573 260

349 704 540 778 indicatore,
554 703 727 768 retrotitra
738 702 864 768 iodiurn
876 725 944 767 non
956 703 1172 768 coniunctum
1183 724 1242 787 per
1251 701 1482 769 thiosulfatem

349 810 515 876 natricum
538 809 804 875 decinormalem.

393 917 501 983 Index
530 917 757 982 iodimetricus
782 922 833 981 est
856 939 1014 982 numerus
1039 917 1185 1002 partium
1209 917 1291 982 iodii
1313 916 1482 981 coniuncti

350 1025 502 1110 partibus
528 1026 592 1089 100
615 1024 773 1089 materiae
796 1024 998 1109 exploratae.

694 1405 826 1500 0111
858 1407 1135 1500 volatilia.

396 1586 478 1650 Olea
509 1583 667 1661 volatilia,
700 1583 728 1648 si
758 1605 843 1669 opus
874 1583 938 1648 erit
960 1582 1132 1662 calefacta,
1156 1585 1246 1649 clara
1269 1585 1346 1663 sint,
1371 1584 1483 1649 odoris

351 1692 451 1756 fortis
474 1696 508 1756 et
530 1690 607 1776 puri
628 1712 743 1754 earum
766 1690 966 1776 plantarum,
991 1713 1008 1755 e
1031 1690 1152 1776 quibus
1175 1693 1294 1775 parata
1316 1691 1393 1769 sint,
1422 1713 1483 1777 pro

351 1798 469 1885 quavis
500 1797 653 1883 portione
686 1798 721 1861 in
755 1799 889 1862 aethere
923 1802 957 1862 et
988 1797 1023 1860 in
1046 1796 1272 1863 chlorolormo
1299 1797 1481 1864 solvantur.

352 1904 443 1970 Odor
476 1909 509 1969 et
543 1923 644 1988 seper
678 1904 836 1969 Oleornm
866 1904 1053 1968 volatilium
1083 1903 1208 1989 optime
1228 1904 1419 1970 sentiuntur
1448 1905 1483 1968 in

353 2011 540 2078 commixtis
564 2011 628 2075 olei
651 2016 749 2097 gutta
774 2015 790 2075 1
815 2016 849 2075 et
871 2033 975 2096 aquae
995 2009 1200 2077 centimetris
1222 2011 1347 2077 cubicis
1373 2015 1424 2076 10.

398 2119 480 2184 Olea
509 2117 659 2182 volatilia
681 2123 858 2183 serventur
880 2118 915 2181 in
937 2118 1066 2203 lagenis
1090 2118 1194 2196 siccis,
1218 2140 1318 2204 quam
1341 2119 1484 2183 maxime

354 2224 507 2310 impletis,
527 2225 611 2290 bene
635 2224 809 2303 obturatio,
833 2246 902 2289 non
924 2225 1023 2289 nimis
1046 2225 1186 2310 magnis,
1210 2225 1283 2291 loco
1306 2223 1441 2312 frigido,
1465 2247 1485 2290 a

351 2333 425 2397 luce
446 2337 584 2397 remota.

398 2437 472 2502 Olei
504 2437 650 2503 volatilis
684 2443 802 2524 guttae
831 2439 866 2502 in
897 2460 1017 2524 aquam
1046 2439 1203 2503 inmissae
1230 2439 1420 2524 superficies
1442 2459 1484 2502 ne

354 2544 524 2622 turbetur;
554 2545 589 2608 in
612 2545 730 2610 balneo
754 2567 859 2630 aquae
877 2544 1039 2612 calefacta
1059 2545 1142 2611 Olea
1156 2545 1485 2610 volatiliadestillata

355 2672 396 2715 ne
415 2651 613 2736 praebeant;
638 2651 729 2716 Oleis
751 2652 944 2718 volatilibus
963 2653 1193 2737 conquassatis
1210 2674 1285 2718 curn
1309 2649 1484 2716 solutionis

354 2757 495 2823 chloreti
528 2758 648 2823 nutrici
682 2764 851 2824 saturatae
873 2759 946 2844 pari
969 2758 1145 2837 volumine,
1170 2759 1289 2824 deinde
1319 2756 1483 2842 sepositis,

356 2864 531 2930 solutionis
553 2865 694 2931 chloreti
715 2866 836 2932 natrici
859 2867 1023 2944 volumen,
1044 2865 1160 2931 stratis
1179 2865 1325 2952 perfecte
1337 2863 1483 2942 secretis,

353 2976 488 3038 auctum
511 2993 552 3036 ne
575 2971 621 3037 sit
641 2973 814 3059 (spiritus).

401 3078 474 3144 Olei
507 3078 654 3144 volatilis
684 3083 782 3165 gutta
813 3080 948 3144 chartae
978 3079 1144 3165 imposita,
1175 3079 1300 3144 nullam
1323 3078 1485 3144 masidam

355 3185 558 3270 perlucidam
592 3186 781 3272 relinquens
814 3185 934 3271 (oleum
950 3187 1098 3272 pinque),
1130 3186 1253 3252 sensim
1276 3190 1484 3271 evaporatur.

822 3413 1025 3424 ——n———r—

596 3565 778 3661 011111
813 3567 1247 3689 amygdalarum.

403 3743 520 3809 Oleum
544 3744 676 3829 pingue,
702 3749 855 3830 paratum
875 3768 893 3810 e
913 3745 1094 3812 seminibus
1112 3769 1197 3832 quae
1208 3749 1370 3832 praebent
1383 3745 1486 3811 varie-

358 3854 445 3915 tates
483 3850 635 3915 diversae
659 3851 779 3936 speciei
804 3853 935 3916 Pruni
970 3853 1212 3940 Amygdali,
1238 3854 1384 3933 8101118,
1410 3854 1485 3918 Bot.

359 3958 440 4022 Mat.
466 3956 553 4022 Med.
577 3957 643 4022 III.
669 3961 743 4023 101.

404 4115 487 4181 Para
520 4119 718 4204 Amygdalis
750 4121 873 4185 amaris
906 4121 960 4186 vel
989 4121 1141 4189 dulcibus
1171 4121 1414 4188 contundendis
1444 4124 1486 4198 et,

359 4222 468 4287 calore
496 4225 587 4289 nullo
617 4226 777 4305 adhibito,
801 4228 1036 4313 exprimendis,
1059 4230 1178 4296 deinde
1200 4249 1310 4294 massa
1332 4248 1488 4314 expressa
