3582 5034
849 511 913 574 343

313 702 367 766 vel
390 707 531 788 tanturn,
554 707 716 788 quantum
729 703 838 788 ipsum
851 703 993 769 sufficiet
1004 703 1047 768 ud
1060 703 1316 787 praecipitatum
1330 723 1446 768 rursus

313 808 521 874 solvendum.

357 934 534 1020 Liquorem
557 935 681 1000 clerum
706 936 806 1002 misce

410 1047 633 1099 Blcurbountts
659 1049 778 1100 nutrici
805 1043 991 1120 partibus
1012 1061 1146 1100 novem
1183 1085 1351 1102 .....
1430 1039 1447 1098 9

313 1143 347 1204 et
369 1139 529 1204 continuo

411 1255 520 1314 Aquae
541 1247 728 1324 partibus
749 1249 947 1306 sescentis
981 1291 1350 1307 ..........
1390 1245 1448 1302 600

357 1362 615 1448 Praecipitatum
639 1364 674 1426 in
697 1384 844 1447 pannum
867 1363 1042 1428 collectum
1078 1367 1146 1426 tam
1169 1360 1227 1425 diu
1250 1382 1336 1445 aqua
1356 1359 1447 1424 ebut-

312 1468 408 1533 lienti
441 1470 513 1534 elue
543 1474 582 1534 ut
604 1470 714 1555 liquor
736 1469 885 1534 defluens
909 1469 1024 1535 addito
1048 1469 1172 1534 nitrate
1194 1467 1365 1554 argentico
1389 1466 1447 1530 vix

313 1576 475 1654 turbetur,
498 1576 619 1641 leniter
640 1577 798 1663 exprime,
822 1577 924 1642 misce

409 1689 561 1740 Pulveris
587 1689 739 1741 Succhari
767 1683 953 1761 partibus
981 1684 1190 1760 octoginta
1222 1726 1230 1741 .
1263 1727 1269 1740 .
1304 1727 1310 1740 .
1344 1727 1350 1739 .
1409 1680 1448 1738 80

312 1801 457 1866 evapora
479 1781 514 1844 in
537 1781 656 1846 balneo
679 1802 793 1866 cquae.

358 1887 472 1952 Pulvis
507 1886 713 1967 fuecoruber,
749 1887 995 1974 quodammodo
1018 1887 1290 1974 hygroscopicus,
1316 1885 1445 1970 saporis

311 1995 416 2060 dulcis
451 1999 485 2059 et
518 1995 637 2080 exigue
671 1994 793 2074 ferrici,
829 1996 896 2081 qui,
931 1994 1055 2060 additis
1088 2015 1193 2079 aquae
1215 1993 1367 2078 partibus
1392 1995 1443 2069 20,

312 2101 474 2187 liquorem
496 2102 622 2167 clarum
645 2100 794 2188 praebet.

357 2208 539 2274 Succharas
562 2208 703 2274 ferricus
721 2211 758 2272 in
778 2230 864 2294 aqua
875 2211 909 2292 (1
929 2235 963 2268 =
982 2211 1039 2292 20)
1057 2208 1197 2285 solutus,
1211 2206 1328 2271 addito
1341 2205 1445 2270 ferro·

311 2320 453 2400 cyaneto
467 2315 586 2394 kalico‚
600 2316 743 2401 speciem
756 2338 797 2380 ne
809 2320 926 2393 mutet,
939 2315 1055 2380 addito
1067 2315 1204 2400 insuper
1214 2312 1309 2379 acido
1321 2312 1445 2398 hydro-

310 2421 464 2499 chloricc,
488 2423 743 2508 praecipitatum
762 2422 895 2487 sordide
908 2421 1013 2486 viride
1024 2421 1211 2506 deponitur,
1224 2419 1314 2504 quod
1325 2418 1445 2483 deinde

311 2529 496 2592 caeruleum
531 2528 578 2594 fit.
624 2529 702 2594 Uns
735 2550 809 2594 cum
843 2529 938 2594 acido
972 2528 1132 2593 sulfuricc
1154 2527 1262 2591 diluto
1284 2523 1445 2591 calefactu

312 2635 420 2700 soluta
441 2634 556 2700 addito
579 2637 704 2701 nitrate
725 2636 897 2721 argentino
919 2658 962 2700 ne
985 2635 1101 2700 statim
1124 2634 1312 2699 turbentur.

356 2742 537 2807 Succharas
559 2742 700 2808 ferricus
722 2744 892 2808 contineat
915 2742 996 2807 ferri
1016 2764 1085 2807 non
1096 2742 1207 2805 minus
1219 2762 1318 2825 quam
1332 2744 1443 2825 partes

311 2850 509 2914 centesimas
546 2852 574 2927 3,
609 2850 643 2914 id
678 2850 767 2936 quod
798 2850 847 2914 ita
880 2850 1057 2914 statuitur:
1091 2847 1299 2913 Saccharatis
1333 2845 1445 2912 ferrici

312 2975 462 3040 gramma
483 2959 499 3020 1
521 2957 556 3020 in
577 2957 694 3021 balneo
717 2978 821 3042 aquae
833 2956 1030 3022 calefaciens
1042 2956 1134 3020 solve
1147 2956 1182 3018 in
1194 2955 1281 3020 acidi
1294 2953 1446 3018 suliurici

312 3061 410 3126 diluti
442 3063 648 3128 centimetris
671 3065 795 3129 cubicis
821 3067 872 3129 10.
897 3063 983 3128 Cum
1006 3063 1192 3128 solutorum
1217 3062 1308 3126 color
1329 3062 1444 3127 fuscus

311 3168 346 3232 in
379 3169 503 3234 flavum
538 3171 718 3249 transierit,
754 3175 1048 3256 permanganatem
1082 3170 1228 3233 kalicum
1261 3170 1445 3252 (1:200)

311 3276 463 3341 stillatim
486 3276 580 3356 adde,
593 3277 673 3341 dum
684 3278 776 3343 color
786 3277 887 3342 ruber
897 3299 965 3342 non
976 3277 1119 3363 amplius
1131 3277 1246 3341 stetim
1258 3279 1444 3352 evanescat,

312 3387 354 3461 et,
379 3387 416 3446 ut
440 3384 709 3468 permanganatis
731 3384 831 3450 kalici
855 3384 1025 3470 quantitas
1048 3383 1211 3448 excedens
1228 3382 1443 3459 dissolvatur,

311 3510 377 3554 una
399 3511 474 3554 cum
497 3490 636 3576 spiritus
658 3513 763 3576 parva
785 3492 972 3576 quantitate
996 3489 1130 3556 caliace.
1144 3489 1184 3553 In
1196 3490 1325 3574 liquore
1346 3487 1443 3552 refri-

311 3600 427 3680 gerato
445 3595 549 3660 iodeti
572 3595 673 3661 kalici
695 3603 882 3684 grammata
906 3601 925 3660 2
949 3598 1041 3661 solve
1060 3603 1094 3660 et
1112 3601 1190 3681 post
1201 3596 1318 3659 horam
1333 3597 1350 3657 1
1364 3594 1445 3658 titra

313 3723 371 3785 per
399 3702 630 3768 thiosulfatem
661 3705 826 3769 natricum
849 3703 1123 3784 decinormalem;
1148 3703 1251 3778 cuius,
1275 3705 1314 3765 ut
1336 3700 1446 3783 liquor

310 3807 1443 3895 decoloretur,centimetracubicanonminusquam5,4requirantur.

780 4139 983 4153 -ufl-u--u-
