3466 5038
814 467 856 530 23

268 660 511 746 descriptorum
530 662 725 727 centimetrc
744 660 859 727 cubica
880 663 899 725 5
912 663 1062 726 chortam
1075 660 1233 739 bibulam,
1246 661 1395 726 chloreto

269 768 510 854 hydrargyrico
541 767 771 846 madefactam,
805 769 926 834 flavam
958 791 999 832 ne
1030 768 1149 832 reddet
1180 769 1270 832 intro
1293 769 1395 833 home

269 882 395 960 purtem
419 881 584 962 quartam.

310 983 451 1049 Acidum
474 983 681 1062 sulfuricum‚
704 984 740 1049 in
763 985 902 1070 spiritus
925 985 1080 1049 volumen
1093 984 1293 1069 quincuplcx
1307 984 1396 1048 infu-

269 1111 348 1168 sum,
374 1096 452 1176 post
474 1091 576 1156 horse
600 1091 745 1178 spatium
769 1093 868 1157 unius
891 1093 1017 1156 clarum
1041 1093 1085 1156 sit
1108 1092 1320 1176 (plumbum).

311 1198 404 1262 Acidi
437 1199 589 1264 suliun'ci
616 1201 821 1264 centimetris
843 1199 968 1264 cubicis
993 1203 1013 1264 5
1037 1200 1093 1264 ubi
1118 1198 1251 1265 sutfutis
1276 1199 1393 1264 terrosi

267 1309 298 1387 (1
318 1331 351 1365 =
368 1309 404 1389 3)
422 1307 622 1372 centimetra
639 1307 755 1372 cubico
775 1309 795 1371 3
816 1307 998 1392 prudenter
1016 1307 1275 1392 superimposita
1287 1313 1394 1383 erunt,

267 1417 407 1478 stratum
427 1413 557 1478 confine
577 1435 618 1478 ne
638 1414 805 1479 coloretur
814 1436 822 1493 ;
839 1437 923 1479 neve
936 1415 1053 1498 magis
1067 1413 1123 1478 ubi
1137 1414 1232 1479 Acidi
1244 1414 1397 1479 sulfurici

266 1520 469 1584 centimetris
501 1519 625 1586 cubicis
658 1524 677 1585 5
702 1522 822 1586 sulfitis
846 1522 966 1586 nutrici
989 1521 1259 1604 milligremmste
1283 1523 1334 1598 20,
1360 1522 1394 1584 in

265 1626 348 1690 acidi
390 1627 640 1712 hydrochlorici
675 1628 881 1694 centimetris
916 1627 1040 1692 cubicis
1077 1630 1095 1690 5
1128 1628 1247 1704 soluto,
1284 1650 1395 1713 super-

267 1733 421 1818 imposita
445 1739 545 1798 erunt
567 1735 758 1818 (mnium).

307 1840 403 1904 Acidi
426 1839 580 1905 suliurici
604 1847 827 1926 gremmetum
851 1845 870 1906 5
894 1862 981 1926 eque
1003 1841 1046 1906 cd
1068 1841 1265 1906 centimetrs
1283 1841 1398 1905 cubico

268 1949 327 2010 100
349 1947 536 2012 dilutorum
558 1949 756 2013 centimetru
780 1948 894 2012 cubica
919 1951 960 2012 25
984 1953 1022 2013 ut
1044 1948 1196 2013 neutrius
1219 1948 1398 2012 recetiouis

264 2055 338 2132 sint,
385 2055 486 2120 slcsli
532 2055 692 2120 normulis
738 2056 934 2122 centimetrs
981 2055 1095 2121 cubica
1124 2057 1210 2132 ·24,0
1245 2055 1287 2119 ud
1322 2055 1396 2132 24,5

263 2163 445 2248 requiram.
901 2189 903 2194 ·

413 2756 625 2852 Acidum
660 2760 979 2854 sutturicum
1013 2761 1245 2854 titutum.

500 2969 642 3035 Acidum
665 2971 862 3037 sulfuricum
885 2974 1162 3058 quadrinormule.

307 3146 412 3210 Misce
450 3146 592 3211 Acidum
623 3148 820 3216 sulfuricum
855 3173 960 3236 cquae
994 3157 1092 3218 tonte
1125 3154 1322 3237 quontitate,
1359 3157 1397 3217 ut

263 3253 445 3318 mixtorum
479 3255 677 3320 centimetru
710 3258 827 3323 cubico
863 3261 913 3334 10,
949 3280 1015 3344 quo
1042 3260 1194 3323 neutrius
1217 3260 1396 3324 reectionis

263 3361 339 3436 sint,
363 3360 463 3425 elceli
485 3364 644 3428 normalis
666 3365 863 3430 centimetre
886 3365 1001 3429 cubica
1024 3368 1067 3430 40
1090 3366 1273 3450 requirent.

308 3463 406 3543 Quod
430 3471 470 3530 ut
492 3467 561 3544 fiat,
586 3489 670 3553 opus
693 3474 746 3533 eet
769 3471 865 3535 Acidi
889 3471 1041 3536 suliurici
1054 3472 1249 3557 grammatic
1274 3475 1338 3536 204
1354 3472 1396 3535 ad

262 3573 326 3634 208
348 3573 384 3636 in
409 3573 593 3639 mixtorum
616 3577 849 3641 centimetrum
872 3577 1064 3643 cubicorum
1087 3579 1220 3663 singule
1243 3579 1343 3643 milio.

306 3677 432 3765 Liquor
466 3681 589 3745 coloris
623 3703 751 3767 expers,
787 3685 906 3762 clame,
939 3685 1095 3769 ponderis
1119 3685 1262 3770 specifici
1289 3687 1394 3760 1‚124‚

259 3785 315 3869 qui
341 3786 450 3850 isdem
476 3787 635 3870 puritatis
659 3789 788 3874 legibus
812 3791 1009 3868 satisfaciat,
1034 3793 1154 3877 quibus
1178 3791 1396 3858 Acidumsul-

258 3891 411 3958 iuncum.
