<?xml version="1.0" encoding="UTF-8"?>
<!DOCTYPE html PUBLIC "-//W3C//DTD XHTML 1.0 Transitional//EN"
    "http://www.w3.org/TR/xhtml1/DTD/xhtml1-transitional.dtd">
<html xmlns="http://www.w3.org/1999/xhtml" xml:lang="en" lang="en">
 <head>
  <title>
</title>
<meta http-equiv="Content-Type" content="text/html;charset=utf-8" />
  <meta name='ocr-system' content='tesseract 3.04.00' />
  <meta name='ocr-capabilities' content='ocr_page ocr_carea ocr_par ocr_line ocrx_word'/>
</head>
<body>
  <div class='ocr_page' id='page_1' title='image "./pharmocopoeaned00zakegoog_0382.png"; bbox 0 0 3582 5034; ppageno 0'>
   <div class='ocr_carea' id='block_1_1' title="bbox 900 514 962 578">
    <p class='ocr_par' dir='ltr' id='par_1_1' title="bbox 900 514 962 578">
     <span class='ocr_line' id='line_1_1' title="bbox 900 514 962 578; baseline -0.048 0"><span class='ocrx_word' id='word_1_1' title='bbox 900 514 962 578; x_wconf 85' lang='lat'><strong>351</strong></span> 
     </span>
    </p>
   </div>
   <div class='ocr_carea' id='block_1_2' title="bbox 355 707 1495 3039">
    <p class='ocr_par' dir='ltr' id='par_1_2' title="bbox 362 707 1495 904">
     <span class='ocr_line' id='line_1_2' title="bbox 363 707 1495 795; baseline 0.004 -21"><span class='ocrx_word' id='word_1_2' title='bbox 363 709 482 775; x_wconf 90' lang='lat' dir='ltr'><strong>coloris</strong></span> <span class='ocrx_word' id='word_1_3' title='bbox 505 708 655 794; x_wconf 75' lang='lat' dir='ltr'><strong>expertia</strong></span> <span class='ocrx_word' id='word_1_4' title='bbox 677 708 755 786; x_wconf 89' lang='lat' dir='ltr'><strong>sint;</strong></span> <span class='ocrx_word' id='word_1_5' title='bbox 778 708 829 785; x_wconf 89' lang='lat' dir='ltr'><strong>iis,</strong></span> <span class='ocrx_word' id='word_1_6' title='bbox 853 729 937 794; x_wconf 88' lang='lat' dir='ltr'><strong>quac</strong></span> <span class='ocrx_word' id='word_1_7' title='bbox 959 707 1002 772; x_wconf 89' lang='lat' dir='ltr'><strong>de</strong></span> <span class='ocrx_word' id='word_1_8' title='bbox 1024 708 1158 773; x_wconf 88' lang='lat' dir='ltr'><strong>filtratis</strong></span> <span class='ocrx_word' id='word_1_9' title='bbox 1179 713 1367 795; x_wconf 82' lang='lat' dir='ltr'><strong>evaporatis</strong></span> <span class='ocrx_word' id='word_1_10' title='bbox 1379 714 1495 778; x_wconf 87' lang='lat' dir='ltr'><strong>relicta</strong></span> 
     </span>
     <span class='ocr_line' id='line_1_3' title="bbox 362 815 1447 904; baseline 0.006 -25"><span class='ocrx_word' id='word_1_11' title='bbox 362 822 469 894; x_wconf 90' lang='lat' dir='ltr'><strong>erunt,</strong></span> <span class='ocrx_word' id='word_1_12' title='bbox 494 815 706 892; x_wconf 74' lang='lat' dir='ltr'><strong>candefactis,</strong></span> <span class='ocrx_word' id='word_1_13' title='bbox 731 837 815 901; x_wconf 87' lang='lat' dir='ltr'><strong>quae</strong></span> <span class='ocrx_word' id='word_1_14' title='bbox 837 820 1046 900; x_wconf 85' lang='lat' dir='ltr'><strong>supererunt,</strong></span> <span class='ocrx_word' id='word_1_15' title='bbox 1071 816 1248 900; x_wconf 89' lang='lat' dir='ltr'><strong>ponderari</strong></span> <span class='ocrx_word' id='word_1_16' title='bbox 1271 826 1447 904; x_wconf 77' lang='lat' dir='ltr'><strong>nequeant.</strong></span> 
     </span>
    </p>

    <p class='ocr_par' dir='ltr' id='par_1_3' title="bbox 359 921 1495 1864">
     <span class='ocr_line' id='line_1_4' title="bbox 405 921 1492 1009; baseline 0.005 -23"><span class='ocrx_word' id='word_1_17' title='bbox 405 923 461 1000; x_wconf 90' lang='lat' dir='ltr'><strong>Iis,</strong></span> <span class='ocrx_word' id='word_1_18' title='bbox 497 945 581 1008; x_wconf 88' lang='lat' dir='ltr'><strong>quae</strong></span> <span class='ocrx_word' id='word_1_19' title='bbox 614 922 655 986; x_wconf 92' lang='lat' dir='ltr'><strong>de</strong></span> <span class='ocrx_word' id='word_1_20' title='bbox 689 922 880 1007; x_wconf 86' lang='lat' dir='ltr'><strong>Salieylatis</strong></span> <span class='ocrx_word' id='word_1_21' title='bbox 913 921 1107 987; x_wconf 90' lang='lat' dir='ltr'><strong>bismuthici</strong></span> <span class='ocrx_word' id='word_1_22' title='bbox 1140 922 1243 987; x_wconf 88' lang='lat' dir='ltr'><strong>basici</strong></span> <span class='ocrx_word' id='word_1_23' title='bbox 1265 931 1449 1009; x_wconf 79' lang='lat' dir='ltr'><strong>grammate</strong></span> <span class='ocrx_word' id='word_1_24' title='bbox 1475 931 1492 990; x_wconf 94' lang='lat'>1</span> 
     </span>
     <span class='ocr_line' id='line_1_5' title="bbox 360 1028 1493 1114; baseline 0.004 -21"><span class='ocrx_word' id='word_1_25' title='bbox 360 1029 533 1094; x_wconf 86' lang='lat' dir='ltr'><strong>combusto</strong></span> <span class='ocrx_word' id='word_1_26' title='bbox 575 1034 782 1114; x_wconf 86' lang='lat' dir='ltr'><strong>supererunt,</strong></span> <span class='ocrx_word' id='word_1_27' title='bbox 817 1030 853 1092; x_wconf 90' lang='lat' dir='ltr'><strong>in</strong></span> <span class='ocrx_word' id='word_1_28' title='bbox 886 1028 973 1094; x_wconf 81' lang='lat' dir='ltr'><strong>acidi</strong></span> <span class='ocrx_word' id='word_1_29' title='bbox 1008 1029 1121 1094; x_wconf 90' lang='lat' dir='ltr'><strong>nitrici</strong></span> <span class='ocrx_word' id='word_1_30' title='bbox 1154 1030 1253 1095; x_wconf 88' lang='lat' dir='ltr'><strong>diluti</strong></span> <span class='ocrx_word' id='word_1_31' title='bbox 1288 1033 1493 1098; x_wconf 89' lang='lat' dir='ltr'><strong>centimetris</strong></span> 
     </span>
     <span class='ocr_line' id='line_1_6' title="bbox 360 1135 1492 1222; baseline 0.005 -22"><span class='ocrx_word' id='word_1_32' title='bbox 360 1135 483 1201; x_wconf 87' lang='lat' dir='ltr'><strong>cubicis</strong></span> <span class='ocrx_word' id='word_1_33' title='bbox 521 1139 562 1200; x_wconf 91' lang='grc'><strong>10</strong></span> <span class='ocrx_word' id='word_1_34' title='bbox 597 1136 726 1215; x_wconf 90' lang='lat' dir='ltr'><strong>solutis,</strong></span> <span class='ocrx_word' id='word_1_35' title='bbox 762 1135 886 1200; x_wconf 83' lang='lat' dir='ltr'><strong>additis</strong></span> <span class='ocrx_word' id='word_1_36' title='bbox 920 1159 1025 1222; x_wconf 86' lang='lat' dir='ltr'><strong>aquae</strong></span> <span class='ocrx_word' id='word_1_37' title='bbox 1059 1136 1266 1202; x_wconf 89' lang='lat' dir='ltr'><strong>centimetris</strong></span> <span class='ocrx_word' id='word_1_38' title='bbox 1301 1139 1426 1205; x_wconf 84' lang='lat' dir='ltr'><strong>cubicis</strong></span> <span class='ocrx_word' id='word_1_39' title='bbox 1450 1144 1492 1206; x_wconf 88' lang='lat'><strong>50</strong></span> 
     </span>
     <span class='ocr_line' id='line_1_7' title="bbox 360 1243 1492 1329; baseline 0.006 -23"><span class='ocrx_word' id='word_1_40' title='bbox 360 1249 393 1307; x_wconf 89' lang='lat' dir='ltr'><strong>et</strong></span> <span class='ocrx_word' id='word_1_41' title='bbox 416 1243 606 1308; x_wconf 88' lang='lat' dir='ltr'><strong>carbonatis</strong></span> <span class='ocrx_word' id='word_1_42' title='bbox 629 1244 750 1309; x_wconf 86' lang='lat' dir='ltr'><strong>natriei</strong></span> <span class='ocrx_word' id='word_1_43' title='bbox 772 1249 868 1308; x_wconf 88' lang='lat' dir='ltr'><strong>tanta</strong></span> <span class='ocrx_word' id='word_1_44' title='bbox 886 1244 1075 1329; x_wconf 86' lang='lat' dir='ltr'><strong>quantitate</strong></span> <span class='ocrx_word' id='word_1_45' title='bbox 1091 1247 1129 1308; x_wconf 90' lang='lat' dir='ltr'><strong>ut</strong></span> <span class='ocrx_word' id='word_1_46' title='bbox 1140 1244 1249 1329; x_wconf 89' lang='lat' dir='ltr'><strong>liquor</strong></span> <span class='ocrx_word' id='word_1_47' title='bbox 1261 1248 1492 1313; x_wconf 89' lang='lat' dir='ltr'><strong>tantummodo</strong></span> 
     </span>
     <span class='ocr_line' id='line_1_8' title="bbox 359 1349 1493 1436; baseline 0.006 -24"><span class='ocrx_word' id='word_1_48' title='bbox 359 1349 536 1414; x_wconf 85' lang='lat' dir='ltr'><strong>reactionis</strong></span> <span class='ocrx_word' id='word_1_49' title='bbox 548 1350 666 1414; x_wconf 88' lang='lat' dir='ltr'><strong>leviter</strong></span> <span class='ocrx_word' id='word_1_50' title='bbox 677 1349 791 1414; x_wconf 85' lang='lat' dir='ltr'><strong>acidae</strong></span> <span class='ocrx_word' id='word_1_51' title='bbox 802 1350 847 1415; x_wconf 85' lang='lat' dir='ltr'><strong>sit</strong></span> <span class='ocrx_word' id='word_1_52' title='bbox 859 1355 893 1414; x_wconf 87' lang='lat' dir='ltr'><strong>et</strong></span> <span class='ocrx_word' id='word_1_53' title='bbox 904 1349 1062 1436; x_wconf 85' lang='lat' dir='ltr'><strong>exiguum</strong></span> <span class='ocrx_word' id='word_1_54' title='bbox 1070 1351 1325 1436; x_wconf 85' lang='lat' dir='ltr'><strong>praecipitatum</strong></span> <span class='ocrx_word' id='word_1_55' title='bbox 1334 1359 1493 1419; x_wconf 88' lang='lat' dir='ltr'><strong>constans</strong></span> 
     </span>
     <span class='ocr_line' id='line_1_9' title="bbox 359 1456 1492 1539; baseline 0.005 -20"><span class='ocrx_word' id='word_1_56' title='bbox 359 1457 535 1534; x_wconf 84' lang='lat' dir='ltr'><strong>exstiterit,</strong></span> <span class='ocrx_word' id='word_1_57' title='bbox 549 1463 620 1522; x_wconf 85' lang='lat' dir='ltr'><strong>tum</strong></span> <span class='ocrx_word' id='word_1_58' title='bbox 635 1456 760 1522; x_wconf 89' lang='lat' dir='ltr'><strong>additis</strong></span> <span class='ocrx_word' id='word_1_59' title='bbox 782 1456 922 1522; x_wconf 81' lang='lat' dir='ltr'><strong>aestatis</strong></span> <span class='ocrx_word' id='word_1_60' title='bbox 943 1457 1064 1521; x_wconf 88' lang='lat' dir='ltr'><strong>natrici</strong></span> <span class='ocrx_word' id='word_1_61' title='bbox 1082 1458 1287 1524; x_wconf 85' lang='lat' dir='ltr'><strong>centimetris</strong></span> <span class='ocrx_word' id='word_1_62' title='bbox 1302 1459 1426 1525; x_wconf 86' lang='lat' dir='ltr'><strong>cubicis</strong></span> <span class='ocrx_word' id='word_1_63' title='bbox 1440 1462 1492 1539; x_wconf 83' lang='lat'><strong>25,</strong></span> 
     </span>
     <span class='ocr_line' id='line_1_10' title="bbox 360 1563 1495 1653; baseline 0.005 -26"><span class='ocrx_word' id='word_1_64' title='bbox 360 1584 435 1628; x_wconf 93' lang='lat' dir='ltr'><strong>cum</strong></span> <span class='ocrx_word' id='word_1_65' title='bbox 458 1563 578 1628; x_wconf 89' lang='lat' dir='ltr'><strong>deinde</strong></span> <span class='ocrx_word' id='word_1_66' title='bbox 601 1585 659 1648; x_wconf 86' lang='lat' dir='ltr'><strong>per</strong></span> <span class='ocrx_word' id='word_1_67' title='bbox 683 1565 784 1628; x_wconf 88' lang='lat' dir='ltr'><strong>horae</strong></span> <span class='ocrx_word' id='word_1_68' title='bbox 806 1569 936 1648; x_wconf 89' lang='lat' dir='ltr'><strong>partem</strong></span> <span class='ocrx_word' id='word_1_69' title='bbox 956 1569 1109 1649; x_wconf 83' lang='lat' dir='ltr'><strong>quartam</strong></span> <span class='ocrx_word' id='word_1_70' title='bbox 1128 1566 1344 1644; x_wconf 86' lang='lat' dir='ltr'><strong>coctumerit,</strong></span> <span class='ocrx_word' id='word_1_71' title='bbox 1357 1567 1495 1653; x_wconf 85' lang='lat' dir='ltr'><strong>liquoris</strong></span> 
     </span>
     <span class='ocr_line' id='line_1_11' title="bbox 360 1670 1494 1756; baseline 0.004 -22"><span class='ocrx_word' id='word_1_72' title='bbox 360 1670 407 1736; x_wconf 88' lang='lat' dir='ltr'><strong>ita</strong></span> <span class='ocrx_word' id='word_1_73' title='bbox 441 1671 550 1756; x_wconf 89' lang='lat' dir='ltr'><strong>parati</strong></span> <span class='ocrx_word' id='word_1_74' title='bbox 584 1670 709 1736; x_wconf 85' lang='lat' dir='ltr'><strong>filtrata</strong></span> <span class='ocrx_word' id='word_1_75' title='bbox 743 1671 859 1736; x_wconf 86' lang='lat' dir='ltr'><strong>addito</strong></span> <span class='ocrx_word' id='word_1_76' title='bbox 893 1670 1099 1736; x_wconf 86' lang='lat' dir='ltr'><strong>bichromate</strong></span> <span class='ocrx_word' id='word_1_77' title='bbox 1117 1672 1228 1737; x_wconf 84' lang='lat' dir='ltr'><strong>kalico</strong></span> <span class='ocrx_word' id='word_1_78' title='bbox 1251 1694 1293 1736; x_wconf 91' lang='lat' dir='ltr'><strong>ne</strong></span> <span class='ocrx_word' id='word_1_79' title='bbox 1316 1672 1494 1738; x_wconf 87' lang='lat' dir='ltr'><strong>turbentur</strong></span> 
     </span>
     <span class='ocr_line' id='line_1_12' title="bbox 359 1779 570 1864; baseline 0.005 -22"><span class='ocrx_word' id='word_1_80' title='bbox 359 1779 570 1864; x_wconf 76' lang='lat' dir='ltr'><strong>(plumbum).</strong></span> 
     </span>
    </p>

    <p class='ocr_par' dir='ltr' id='par_1_4' title="bbox 357 1883 1491 2399">
     <span class='ocr_line' id='line_1_13' title="bbox 403 1883 1491 1970; baseline 0 -20"><span class='ocrx_word' id='word_1_81' title='bbox 403 1885 471 1950; x_wconf 86' lang='lat' dir='ltr'><strong>Gaz</strong></span> <span class='ocrx_word' id='word_1_82' title='bbox 505 1886 616 1951; x_wconf 85' lang='lat' dir='ltr'><strong>oriens</strong></span> <span class='ocrx_word' id='word_1_83' title='bbox 650 1908 668 1949; x_wconf 90' lang='lat' dir='ltr'><strong>e</strong></span> <span class='ocrx_word' id='word_1_84' title='bbox 703 1885 787 1951; x_wconf 84' lang='lat' dir='ltr'><strong>zinci</strong></span> <span class='ocrx_word' id='word_1_85' title='bbox 822 1883 932 1950; x_wconf 79' lang='lat' dir='ltr'><strong>frusto</strong></span> <span class='ocrx_word' id='word_1_86' title='bbox 963 1891 1120 1970; x_wconf 88' lang='lat' dir='ltr'><strong>reagente</strong></span> <span class='ocrx_word' id='word_1_87' title='bbox 1153 1886 1188 1949; x_wconf 94' lang='lat' dir='ltr'><strong>in</strong></span> <span class='ocrx_word' id='word_1_88' title='bbox 1220 1885 1411 1970; x_wconf 86' lang='lat' dir='ltr'><strong>Salicylatis</strong></span> <span class='ocrx_word' id='word_1_89' title='bbox 1443 1886 1491 1950; x_wconf 92' lang='lat' dir='ltr'><strong>bi-</strong></span> 
     </span>
     <span class='ocr_line' id='line_1_14' title="bbox 359 1992 1490 2076; baseline 0.001 -21"><span class='ocrx_word' id='word_1_90' title='bbox 359 1993 516 2057; x_wconf 91' lang='lat' dir='ltr'><strong>smuthici</strong></span> <span class='ocrx_word' id='word_1_91' title='bbox 550 1992 653 2057; x_wconf 85' lang='lat' dir='ltr'><strong>basici</strong></span> <span class='ocrx_word' id='word_1_92' title='bbox 686 1992 959 2076; x_wconf 87' lang='lat' dir='ltr'><strong>milligrammata</strong></span> <span class='ocrx_word' id='word_1_93' title='bbox 983 1995 1056 2070; x_wconf 87' lang='lat'>500,</span> <span class='ocrx_word' id='word_1_94' title='bbox 1081 1992 1197 2057; x_wconf 91' lang='lat' dir='ltr'><strong>addito</strong></span> <span class='ocrx_word' id='word_1_95' title='bbox 1219 1993 1365 2058; x_wconf 86' lang='lat' dir='ltr'><strong>aetheris</strong></span> <span class='ocrx_word' id='word_1_96' title='bbox 1387 1994 1490 2058; x_wconf 89' lang='lat' dir='ltr'><strong>centi-</strong></span> 
     </span>
     <span class='ocr_line' id='line_1_15' title="bbox 358 2098 1490 2185; baseline 0 -23"><span class='ocrx_word' id='word_1_97' title='bbox 358 2104 465 2163; x_wconf 88' lang='lat' dir='ltr'><strong>metro</strong></span> <span class='ocrx_word' id='word_1_98' title='bbox 499 2098 614 2164; x_wconf 93' lang='lat' dir='ltr'><strong>cubico</strong></span> <span class='ocrx_word' id='word_1_99' title='bbox 644 2103 672 2176; x_wconf 91' lang='lat'><strong>1,</strong></span> <span class='ocrx_word' id='word_1_100' title='bbox 697 2099 807 2164; x_wconf 86' lang='lat' dir='ltr'><strong>soluta</strong></span> <span class='ocrx_word' id='word_1_101' title='bbox 829 2099 865 2163; x_wconf 90' lang='lat' dir='ltr'><strong>in</strong></span> <span class='ocrx_word' id='word_1_102' title='bbox 887 2099 973 2163; x_wconf 85' lang='lat' dir='ltr'><strong>acidi</strong></span> <span class='ocrx_word' id='word_1_103' title='bbox 996 2099 1244 2185; x_wconf 87' lang='lat' dir='ltr'><strong>hydrochlorici</strong></span> <span class='ocrx_word' id='word_1_104' title='bbox 1265 2099 1364 2164; x_wconf 90' lang='lat' dir='ltr'><strong>diluti</strong></span> <span class='ocrx_word' id='word_1_105' title='bbox 1387 2100 1490 2164; x_wconf 85' lang='lat' dir='ltr'><strong>centi-</strong></span> 
     </span>
     <span class='ocr_line' id='line_1_16' title="bbox 357 2205 1489 2292; baseline 0.004 -25"><span class='ocrx_word' id='word_1_106' title='bbox 357 2207 473 2271; x_wconf 87' lang='lat' dir='ltr'><strong>metris</strong></span> <span class='ocrx_word' id='word_1_107' title='bbox 504 2205 628 2271; x_wconf 88' lang='lat' dir='ltr'><strong>cubicis</strong></span> <span class='ocrx_word' id='word_1_108' title='bbox 653 2209 694 2270; x_wconf 92' lang='lat'><strong>10</strong></span> <span class='ocrx_word' id='word_1_109' title='bbox 718 2208 867 2271; x_wconf 84' lang='lat' dir='ltr'><strong>chartam</strong></span> <span class='ocrx_word' id='word_1_110' title='bbox 892 2205 1049 2284; x_wconf 82' lang='lat' dir='ltr'><strong>bibulam,</strong></span> <span class='ocrx_word' id='word_1_111' title='bbox 1074 2206 1223 2271; x_wconf 91' lang='lat' dir='ltr'><strong>chloreto</strong></span> <span class='ocrx_word' id='word_1_112' title='bbox 1247 2205 1489 2292; x_wconf 85' lang='lat' dir='ltr'><strong>hydrargyrico</strong></span> 
     </span>
     <span class='ocr_line' id='line_1_17' title="bbox 357 2311 1487 2399; baseline 0.003 -24"><span class='ocrx_word' id='word_1_113' title='bbox 357 2311 588 2390; x_wconf 85' lang='lat' dir='ltr'><strong>madefactam,</strong></span> <span class='ocrx_word' id='word_1_114' title='bbox 613 2312 733 2378; x_wconf 88' lang='lat' dir='ltr'><strong>flavam</strong></span> <span class='ocrx_word' id='word_1_115' title='bbox 757 2335 799 2376; x_wconf 89' lang='lat' dir='ltr'><strong>ne</strong></span> <span class='ocrx_word' id='word_1_116' title='bbox 821 2311 943 2378; x_wconf 86' lang='lat' dir='ltr'><strong>reddat</strong></span> <span class='ocrx_word' id='word_1_117' title='bbox 964 2313 1055 2377; x_wconf 88' lang='lat' dir='ltr'><strong>intra</strong></span> <span class='ocrx_word' id='word_1_118' title='bbox 1071 2314 1172 2377; x_wconf 90' lang='lat' dir='ltr'><strong>horae</strong></span> <span class='ocrx_word' id='word_1_119' title='bbox 1185 2317 1314 2399; x_wconf 87' lang='lat' dir='ltr'><strong>partem</strong></span> <span class='ocrx_word' id='word_1_120' title='bbox 1325 2317 1487 2398; x_wconf 85' lang='lat' dir='ltr'><strong>quartam.</strong></span> 
     </span>
    </p>

    <p class='ocr_par' dir='ltr' id='par_1_5' title="bbox 355 2419 1491 3039">
     <span class='ocr_line' id='line_1_18' title="bbox 402 2419 1491 2504; baseline 0.002 -22"><span class='ocrx_word' id='word_1_121' title='bbox 402 2419 592 2504; x_wconf 85' lang='lat' dir='ltr'><strong>Salicylatis</strong></span> <span class='ocrx_word' id='word_1_122' title='bbox 615 2420 807 2485; x_wconf 88' lang='lat' dir='ltr'><strong>bismuthici</strong></span> <span class='ocrx_word' id='word_1_123' title='bbox 830 2419 934 2484; x_wconf 86' lang='lat' dir='ltr'><strong>basici</strong></span> <span class='ocrx_word' id='word_1_124' title='bbox 957 2441 1107 2504; x_wconf 86' lang='lat' dir='ltr'><strong>gramma</strong></span> <span class='ocrx_word' id='word_1_125' title='bbox 1121 2424 1138 2483; x_wconf 90' lang='lat'>1</span> <span class='ocrx_word' id='word_1_126' title='bbox 1152 2441 1227 2484; x_wconf 90' lang='lat' dir='ltr'><strong>cum</strong></span> <span class='ocrx_word' id='word_1_127' title='bbox 1240 2420 1360 2485; x_wconf 88' lang='lat' dir='ltr'><strong>leniter</strong></span> <span class='ocrx_word' id='word_1_128' title='bbox 1371 2420 1491 2484; x_wconf 89' lang='lat' dir='ltr'><strong>cande-</strong></span> 
     </span>
     <span class='ocr_line' id='line_1_19' title="bbox 356 2524 1487 2612; baseline 0.002 -24"><span class='ocrx_word' id='word_1_129' title='bbox 356 2524 491 2602; x_wconf 77' lang='lat' dir='ltr'><strong>factum,</strong></span> <span class='ocrx_word' id='word_1_130' title='bbox 526 2531 599 2590; x_wconf 92' lang='lat' dir='ltr'><strong>tum</strong></span> <span class='ocrx_word' id='word_1_131' title='bbox 633 2547 718 2612; x_wconf 91' lang='lat' dir='ltr'><strong>quae</strong></span> <span class='ocrx_word' id='word_1_132' title='bbox 751 2526 869 2591; x_wconf 88' lang='lat' dir='ltr'><strong>relicta</strong></span> <span class='ocrx_word' id='word_1_133' title='bbox 904 2530 1011 2603; x_wconf 90' lang='lat' dir='ltr'><strong>erunt,</strong></span> <span class='ocrx_word' id='word_1_134' title='bbox 1047 2527 1082 2590; x_wconf 93' lang='lat' dir='ltr'><strong>in</strong></span> <span class='ocrx_word' id='word_1_135' title='bbox 1105 2525 1201 2590; x_wconf 86' lang='lat' dir='ltr'><strong>acido</strong></span> <span class='ocrx_word' id='word_1_136' title='bbox 1224 2525 1345 2590; x_wconf 85' lang='lat' dir='ltr'><strong>nitrico</strong></span> <span class='ocrx_word' id='word_1_137' title='bbox 1369 2525 1487 2604; x_wconf 89' lang='lat' dir='ltr'><strong>soluta,</strong></span> 
     </span>
     <span class='ocr_line' id='line_1_20' title="bbox 356 2631 1489 2718; baseline 0.001 -23"><span class='ocrx_word' id='word_1_138' title='bbox 356 2631 475 2696; x_wconf 86' lang='lat' dir='ltr'><strong>deinde</strong></span> <span class='ocrx_word' id='word_1_139' title='bbox 498 2634 579 2698; x_wconf 88' lang='lat' dir='ltr'><strong>haec</strong></span> <span class='ocrx_word' id='word_1_140' title='bbox 602 2633 713 2698; x_wconf 86' lang='lat' dir='ltr'><strong>soluta</strong></span> <span class='ocrx_word' id='word_1_141' title='bbox 735 2633 816 2698; x_wconf 91' lang='lat' dir='ltr'><strong>dum</strong></span> <span class='ocrx_word' id='word_1_142' title='bbox 839 2634 927 2698; x_wconf 89' lang='lat' dir='ltr'><strong>sicca</strong></span> <span class='ocrx_word' id='word_1_143' title='bbox 946 2633 1015 2698; x_wconf 89' lang='lat' dir='ltr'><strong>sint</strong></span> <span class='ocrx_word' id='word_1_144' title='bbox 1038 2638 1227 2718; x_wconf 87' lang='lat' dir='ltr'><strong>evaporata,</strong></span> <span class='ocrx_word' id='word_1_145' title='bbox 1241 2631 1393 2717; x_wconf 90' lang='lat' dir='ltr'><strong>denique,</strong></span> <span class='ocrx_word' id='word_1_146' title='bbox 1406 2653 1489 2718; x_wconf 89' lang='lat' dir='ltr'><strong>quae</strong></span> 
     </span>
     <span class='ocr_line' id='line_1_21' title="bbox 356 2738 1490 2825; baseline 0.001 -23"><span class='ocrx_word' id='word_1_147' title='bbox 356 2745 563 2824; x_wconf 89' lang='lat' dir='ltr'><strong>supererunt,</strong></span> <span class='ocrx_word' id='word_1_148' title='bbox 587 2741 709 2805; x_wconf 89' lang='lat' dir='ltr'><strong>iterum</strong></span> <span class='ocrx_word' id='word_1_149' title='bbox 740 2739 936 2805; x_wconf 74' lang='lat' dir='ltr'><strong>candefacta</strong></span> <span class='ocrx_word' id='word_1_150' title='bbox 966 2745 1074 2818; x_wconf 90' lang='lat' dir='ltr'><strong>erunt,</strong></span> <span class='ocrx_word' id='word_1_151' title='bbox 1099 2739 1202 2825; x_wconf 85' lang='lat' dir='ltr'><strong>oxydi</strong></span> <span class='ocrx_word' id='word_1_152' title='bbox 1226 2738 1418 2804; x_wconf 89' lang='lat' dir='ltr'><strong>bismuthici</strong></span> <span class='ocrx_word' id='word_1_153' title='bbox 1441 2739 1490 2803; x_wconf 87' lang='lat' dir='ltr'><strong>ita</strong></span> 
     </span>
     <span class='ocr_line' id='line_1_22' title="bbox 355 2846 1488 2932; baseline 0 -24"><span class='ocrx_word' id='word_1_154' title='bbox 355 2846 464 2929; x_wconf 88' lang='lat' dir='ltr'><strong>parati</strong></span> <span class='ocrx_word' id='word_1_155' title='bbox 500 2847 630 2931; x_wconf 88' lang='lat' dir='ltr'><strong>pondus</strong></span> <span class='ocrx_word' id='word_1_156' title='bbox 664 2869 732 2911; x_wconf 90' lang='lat' dir='ltr'><strong>non</strong></span> <span class='ocrx_word' id='word_1_157' title='bbox 767 2847 878 2912; x_wconf 90' lang='lat' dir='ltr'><strong>minus</strong></span> <span class='ocrx_word' id='word_1_158' title='bbox 905 2847 950 2913; x_wconf 88' lang='lat' dir='ltr'><strong>sit</strong></span> <span class='ocrx_word' id='word_1_159' title='bbox 972 2869 1071 2932; x_wconf 89' lang='lat' dir='ltr'><strong>quam</strong></span> <span class='ocrx_word' id='word_1_160' title='bbox 1093 2846 1398 2932; x_wconf 84' lang='lat' dir='ltr'><strong>milligrammatum</strong></span> <span class='ocrx_word' id='word_1_161' title='bbox 1423 2847 1488 2909; x_wconf 89' lang='grc'><strong>600</strong></span> 
     </span>
     <span class='ocr_line' id='line_1_23' title="bbox 356 2954 781 3039; baseline 0.012 -25"><span class='ocrx_word' id='word_1_162' title='bbox 356 2973 462 3035; x_wconf 88' lang='lat' dir='ltr'><strong>neque</strong></span> <span class='ocrx_word' id='word_1_163' title='bbox 486 2954 682 3039; x_wconf 90' lang='lat' dir='ltr'><strong>plusquam</strong></span> <span class='ocrx_word' id='word_1_164' title='bbox 706 2957 781 3019; x_wconf 88' lang='lat'>650.</span> 
     </span>
    </p>
   </div>
   <div class='ocr_carea' id='block_1_3' title="bbox 475 3253 1373 3520">
    <p class='ocr_par' dir='ltr' id='par_1_6' title="bbox 475 3253 1373 3520">
     <span class='ocr_line' id='line_1_24' title="bbox 514 3253 1277 3377; baseline -0.003 -26"><span class='ocrx_word' id='word_1_165' title='bbox 514 3253 564 3351; x_wconf 90' lang='grc' dir='ltr'><strong>-Ι-</strong></span> <span class='ocrx_word' id='word_1_166' title='bbox 597 3256 890 3377; x_wconf 79' lang='lat' dir='ltr'><strong>Salicytas</strong></span> <span class='ocrx_word' id='word_1_167' title='bbox 926 3258 1277 3377; x_wconf 80' lang='lat' dir='ltr'><strong>mcttyticus.</strong></span> 
     </span>
     <span class='ocr_line' id='line_1_25' title="bbox 475 3427 1373 3520; baseline 0 -23"><span class='ocrx_word' id='word_1_168' title='bbox 475 3427 831 3520; x_wconf 78' lang='lat' dir='ltr'><strong>O,H,.0H.0000H,</strong></span> <span class='ocrx_word' id='word_1_169' title='bbox 856 3435 987 3499; x_wconf 88' lang='lat' dir='ltr'><strong>ratione</strong></span> <span class='ocrx_word' id='word_1_170' title='bbox 1011 3434 1203 3520; x_wconf 87' lang='lat' dir='ltr'><strong>synthetica</strong></span> <span class='ocrx_word' id='word_1_171' title='bbox 1226 3437 1373 3520; x_wconf 84' lang='lat' dir='ltr'><strong>paratus.</strong></span> 
     </span>
    </p>
   </div>
   <div class='ocr_carea' id='block_1_4' title="bbox 353 3590 1484 4296">
    <p class='ocr_par' dir='ltr' id='par_1_7' title="bbox 353 3590 1484 3999">
     <span class='ocr_line' id='line_1_26' title="bbox 400 3590 1483 3680; baseline 0 -26"><span class='ocrx_word' id='word_1_172' title='bbox 400 3590 523 3677; x_wconf 89' lang='lat' dir='ltr'><strong>Liquor</strong></span> <span class='ocrx_word' id='word_1_173' title='bbox 556 3593 675 3660; x_wconf 88' lang='lat' dir='ltr'><strong>coloris</strong></span> <span class='ocrx_word' id='word_1_174' title='bbox 709 3616 837 3680; x_wconf 87' lang='lat' dir='ltr'><strong>expers,</strong></span> <span class='ocrx_word' id='word_1_175' title='bbox 862 3595 980 3673; x_wconf 86' lang='lat' dir='ltr'><strong>clarus,</strong></span> <span class='ocrx_word' id='word_1_176' title='bbox 1005 3593 1170 3680; x_wconf 80' lang='lat' dir='ltr'><strong>fragrans,</strong></span> <span class='ocrx_word' id='word_1_177' title='bbox 1195 3593 1324 3678; x_wconf 90' lang='lat' dir='ltr'><strong>saporis</strong></span> <span class='ocrx_word' id='word_1_178' title='bbox 1347 3591 1483 3657; x_wconf 90' lang='lat' dir='ltr'><strong>subdul-</strong></span> 
     </span>
     <span class='ocr_line' id='line_1_27' title="bbox 355 3697 1484 3785; baseline 0.001 -25"><span class='ocrx_word' id='word_1_179' title='bbox 355 3697 437 3762; x_wconf 87' lang='lat' dir='ltr'><strong>citer</strong></span> <span class='ocrx_word' id='word_1_180' title='bbox 458 3700 641 3778; x_wconf 80' lang='lat' dir='ltr'><strong>aromatici,</strong></span> <span class='ocrx_word' id='word_1_181' title='bbox 665 3701 763 3785; x_wconf 91' lang='lat' dir='ltr'><strong>plane</strong></span> <span class='ocrx_word' id='word_1_182' title='bbox 786 3701 942 3778; x_wconf 86' lang='lat' dir='ltr'><strong>volatilis,</strong></span> <span class='ocrx_word' id='word_1_183' title='bbox 967 3700 1119 3765; x_wconf 88' lang='lat' dir='ltr'><strong>neutrius</strong></span> <span class='ocrx_word' id='word_1_184' title='bbox 1141 3699 1330 3777; x_wconf 86' lang='lat' dir='ltr'><strong>reactionie,</strong></span> <span class='ocrx_word' id='word_1_185' title='bbox 1354 3698 1411 3784; x_wconf 88' lang='lat' dir='ltr'><strong>qui</strong></span> <span class='ocrx_word' id='word_1_186' title='bbox 1424 3719 1484 3783; x_wconf 90' lang='lat' dir='ltr'><strong>pro</strong></span> 
     </span>
     <span class='ocr_line' id='line_1_28' title="bbox 353 3805 1479 3892; baseline 0.003 -27"><span class='ocrx_word' id='word_1_187' title='bbox 353 3805 470 3886; x_wconf 86' lang='lat' dir='ltr'><strong>quavis</strong></span> <span class='ocrx_word' id='word_1_188' title='bbox 504 3806 657 3890; x_wconf 82' lang='lat' dir='ltr'><strong>portione</strong></span> <span class='ocrx_word' id='word_1_189' title='bbox 692 3807 813 3892; x_wconf 90' lang='lat' dir='ltr'><strong>spiritu</strong></span> <span class='ocrx_word' id='word_1_190' title='bbox 846 3807 978 3872; x_wconf 88' lang='lat' dir='ltr'><strong>misceri</strong></span> <span class='ocrx_word' id='word_1_191' title='bbox 1012 3811 1134 3892; x_wconf 86' lang='lat' dir='ltr'><strong>potest,</strong></span> <span class='ocrx_word' id='word_1_192' title='bbox 1158 3827 1244 3891; x_wconf 84' lang='lat' dir='ltr'><strong>aqua</strong></span> <span class='ocrx_word' id='word_1_193' title='bbox 1266 3825 1335 3869; x_wconf 92' lang='lat' dir='ltr'><strong>non</strong></span> <span class='ocrx_word' id='word_1_194' title='bbox 1358 3808 1479 3889; x_wconf 89' lang='lat' dir='ltr'><strong>potest.</strong></span> 
     </span>
     <span class='ocr_line' id='line_1_29' title="bbox 355 3909 1481 3999; baseline 0.003 -27"><span class='ocrx_word' id='word_1_195' title='bbox 355 3909 489 3976; x_wconf 89' lang='lat' dir='ltr'><strong>Pondus</strong></span> <span class='ocrx_word' id='word_1_196' title='bbox 501 3911 689 3996; x_wconf 80' lang='lat' dir='ltr'><strong>specificam</strong></span> <span class='ocrx_word' id='word_1_197' title='bbox 704 3912 810 3990; x_wconf 85' lang='grc'><strong>1,]76.</strong></span> <span class='ocrx_word' id='word_1_198' title='bbox 832 3911 963 3978; x_wconf 85' lang='lat' dir='ltr'><strong>Caloris</strong></span> <span class='ocrx_word' id='word_1_199' title='bbox 975 3914 1081 3999; x_wconf 87' lang='lat' dir='ltr'><strong>gradu</strong></span> <span class='ocrx_word' id='word_1_200' title='bbox 1095 3913 1175 3977; x_wconf 78' lang='lat'><strong>223⁰</strong></span> <span class='ocrx_word' id='word_1_201' title='bbox 1186 3912 1229 3976; x_wconf 92' lang='lat' dir='ltr'><strong>ad</strong></span> <span class='ocrx_word' id='word_1_202' title='bbox 1242 3915 1343 3976; x_wconf 75' lang='lat'><strong>224¹¹¹¹¹</strong></span> <span class='ocrx_word' id='word_1_203' title='bbox 1356 3911 1481 3976; x_wconf 86' lang='lat' dir='ltr'><strong>ebullit.</strong></span> 
     </span>
    </p>

    <p class='ocr_par' dir='ltr' id='par_1_8' title="bbox 353 4016 1483 4296">
     <span class='ocr_line' id='line_1_30' title="bbox 399 4016 1483 4105; baseline -0.001 -25"><span class='ocrx_word' id='word_1_204' title='bbox 399 4016 589 4103; x_wconf 84' lang='lat' dir='ltr'><strong>Salicylutis</strong></span> <span class='ocrx_word' id='word_1_205' title='bbox 631 4019 803 4104; x_wconf 87' lang='lat' dir='ltr'><strong>methylici</strong></span> <span class='ocrx_word' id='word_1_206' title='bbox 842 4024 939 4104; x_wconf 83' lang='lat' dir='ltr'><strong>gutta</strong></span> <span class='ocrx_word' id='word_1_207' title='bbox 975 4024 992 4083; x_wconf 95' lang='lat' dir='ltr'>l</span> <span class='ocrx_word' id='word_1_208' title='bbox 1029 4041 1105 4085; x_wconf 91' lang='lat' dir='ltr'><strong>cum</strong></span> <span class='ocrx_word' id='word_1_209' title='bbox 1139 4041 1243 4105; x_wconf 85' lang='lat' dir='ltr'><strong>aquae</strong></span> <span class='ocrx_word' id='word_1_210' title='bbox 1278 4017 1483 4083; x_wconf 87' lang='lat' dir='ltr'><strong>centimetris</strong></span> 
     </span>
     <span class='ocr_line' id='line_1_31' title="bbox 353 4123 1482 4210; baseline -0.002 -23"><span class='ocrx_word' id='word_1_211' title='bbox 353 4123 478 4188; x_wconf 89' lang='lat' dir='ltr'><strong>cubicis</strong></span> <span class='ocrx_word' id='word_1_212' title='bbox 498 4127 540 4188; x_wconf 90' lang='grc'><strong>50</strong></span> <span class='ocrx_word' id='word_1_213' title='bbox 560 4131 788 4209; x_wconf 83' lang='lat' dir='ltr'><strong>conquassata,</strong></span> <span class='ocrx_word' id='word_1_214' title='bbox 809 4125 923 4189; x_wconf 86' lang='lat' dir='ltr'><strong>addita</strong></span> <span class='ocrx_word' id='word_1_215' title='bbox 943 4125 1083 4190; x_wconf 90' lang='lat' dir='ltr'><strong>chloreti</strong></span> <span class='ocrx_word' id='word_1_216' title='bbox 1095 4124 1207 4190; x_wconf 81' lang='lat' dir='ltr'><strong>ier-rici</strong></span> <span class='ocrx_word' id='word_1_217' title='bbox 1219 4129 1326 4210; x_wconf 83' lang='lat' dir='ltr'><strong>gutta,</strong></span> <span class='ocrx_word' id='word_1_218' title='bbox 1339 4124 1482 4188; x_wconf 88' lang='lat' dir='ltr'><strong>colorem</strong></span> 
     </span>
     <span class='ocr_line' id='line_1_32' title="bbox 353 4229 836 4296; baseline 0.006 -3"><span class='ocrx_word' id='word_1_219' title='bbox 353 4229 491 4295; x_wconf 89' lang='lat' dir='ltr'><strong>obscure</strong></span> <span class='ocrx_word' id='word_1_220' title='bbox 515 4230 698 4296; x_wconf 87' lang='lat' dir='ltr'><strong>violaceum</strong></span> <span class='ocrx_word' id='word_1_221' title='bbox 722 4232 836 4296; x_wconf 88' lang='lat' dir='ltr'><strong>trahit.</strong></span> 
     </span>
    </p>
   </div>
   <div class='ocr_carea' id='block_1_5' title="bbox 0 0 1796 5034">
    <p class='ocr_par' dir='ltr' id='par_1_9' title="bbox 0 0 1796 5034">
     <span class='ocr_line' id='line_1_33' title="bbox 0 0 1796 5034; baseline 0 4"><span class='ocrx_word' id='word_1_222' title='bbox 0 0 1796 5034; x_wconf 95' lang='lat' dir='ltr'><strong> </strong></span> 
     </span>
    </p>
   </div>
  </div>
 </body>
</html>
