3544 5050
843 526 908 590 395

355 721 486 786 Solutio
523 720 687 804 Hydrctis
723 720 843 785 notrici
867 719 1033 784 flammam
1057 742 1124 784 non
1146 721 1312 785 lucentem
1335 722 1444 786 colore

309 828 406 894 uelde
429 828 518 894 flsvo
540 827 655 892 inficit.
921 826 927 836 '

354 935 540 1000 Solutionis
554 934 718 1019 Hydretis
731 933 850 998 notrici
864 934 1099 998 centimetrum
1111 934 1262 999 cubicum
1278 938 1306 1010 l,
1319 932 1443 999 udditis

308 1042 394 1106 acidi
416 1042 568 1107 berterici
590 1045 776 1128 grammate
802 1046 817 1103 l
844 1048 878 1105 ct
900 1062 1005 1126 equae
1027 1040 1233 1105 centimetris
1249 1040 1374 1106 cubicis
1392 1045 1442 1118 15,

309 1148 470 1234 liquorom
493 1148 618 1213 clerum
636 1149 801 1233 praebeat.
827 1148 958 1212 Solutio
983 1147 1149 1234 Hydretis
1172 1148 1302 1225 notrici,
1327 1148 1443 1212 addito

307 1254 541 1341 sullohydrste
575 1255 773 1332 emmonius,
809 1254 1044 1319 tantummodo
1079 1254 1261 1319 subviridis
1292 1254 1360 1332 fiet,
1386 1276 1445 1340 per

308 1362 440 1426 acidum
460 1361 751 1448 hydrochloricum
771 1362 866 1427 scida
881 1361 982 1440 facts,
996 1369 1091 1428 coctu
1103 1362 1193 1427 clere
1205 1361 1251 1426 sit
1263 1361 1443 1439 (eiliemes);

309 1469 416 1554 liquor
453 1468 578 1546 acidus,
617 1469 734 1534 addito
771 1469 867 1534 acido
906 1467 1187 1555 hydrosulfurico,
1224 1469 1367 1555 speciem
1402 1490 1444 1532 ne

309 1579 433 1654 mutet;
459 1597 517 1660 per
529 1575 731 1640 ammonium
747 1597 863 1640 rursus
874 1576 1036 1641 elcelinus
1047 1575 1167 1652 factus,
1182 1596 1240 1659 per
1252 1596 1319 1640 non
1332 1575 1443 1639 minus

308 1705 408 1768 quem
432 1684 548 1747 horem
576 1687 591 1746 1
617 1683 726 1748 clerus
751 1684 795 1748 sit
818 1684 1056 1768 (mamistam).

355 1789 486 1855 Solutio
521 1790 686 1876 Hydrstis
705 1790 835 1868 notrici,
859 1811 934 1855 cum
958 1789 1135 1855 solutionis
1158 1789 1312 1876 hydrstis
1334 1789 1446 1856 celcici

308 1897 497 1982 quentitete
515 1895 700 1981 quedruple
726 1902 893 1974 concocta,
918 1897 1043 1962 filtrutu
1065 1897 1222 1982 prsebeut
1245 1897 1445 1962 solutionem

310 2003 463 2088 hydrstis
486 2003 600 2067 celcici
623 2025 691 2066 nou
713 2004 857 2089 amplius
881 2003 1062 2068 turbantis.
1177 2015 1178 2023 ’

354 2109 539 2174 Solutionis
553 2109 719 2195 Hydrstis
735 2111 854 2175 notrici
866 2111 1063 2175 centimetre
1074 2107 1191 2176 cubico
1204 2112 1222 2173 2
1236 2110 1322 2175 scidi
1333 2110 1444 2176 uitrici

308 2217 407 2282 diluti
428 2216 634 2282 centimetris
657 2217 782 2282 cubicis
806 2219 826 2281 3
850 2223 884 2282 et
905 2239 1010 2303 equae
1033 2217 1240 2282 centimetris
1259 2215 1385 2282 cubicis
1402 2219 1443 2281 25

309 2324 424 2402 mixte,
443 2323 559 2388 addito
574 2323 700 2388 nitrete
711 2323 863 2410 berytico
876 2324 929 2388 vel
941 2325 1065 2389 nitrate
1078 2325 1258 2409 argentim,
1272 2344 1332 2409 per
1343 2325 1444 2388 horus

308 2436 437 2516 portem
461 2452 529 2494 nou
553 2430 663 2494 minus
687 2452 787 2515 quum
809 2430 1025 2494 centesimum
1049 2429 1241 2496 vicesimum
1265 2430 1444 2495 cloresint.

355 2536 540 2602 Solutionis
564 2537 730 2621 Hydretis
753 2536 874 2602 notrici
897 2537 1095 2602 centimetro
1119 2538 1236 2602 cubico
1262 2541 1279 2602 1
1305 2543 1339 2601 et
1358 2537 1445 2601 ccidi

310 2643 461 2710 sulfurici
496 2643 703 2708 centimetris
737 2645 863 2710 cubicis
899 2647 919 2708 3
953 2644 1143 2710 commixtis
1178 2643 1389 2730 refrigeratis
1419 2644 1447 2707 si

311 2749 445 2815 sulletis
457 2749 577 2815 terrosi
589 2752 623 2834 (l
639 2777 672 2810 =
687 2753 721 2833 3)
740 2751 938 2816 centimetre
958 2751 1073 2815 cubica
1092 2754 1112 2814 3
1131 2751 1313 2837 prudentor
1333 2770 1446 2833 super-

309 2858 466 2922 imnositc
490 2862 598 2934 erunt,
620 2862 764 2922 stratum
788 2857 917 2922 confine
940 2879 983 2922 ne
1006 2858 1182 2924 coloretur.

472 3112 672 3209 Solutio
708 3115 833 3209 lotii
867 3116 1171 3234 spirituosa.
1208 3114 1294 3208 fl.

720 3265 896 3333 'linctum
919 3265 1029 3333 lolli.

731 3371 815 3440 Iudi
838 3372 1027 3440 (linctum.

357 3457 457 3523 Solve

408 3552 489 3603 lodii
511 3547 604 3605 triti
625 3555 759 3624 partes
780 3548 907 3607 decem
917 3593 1361 3608 ............
1410 3547 1448 3604 10

180 3621 347 3688 ¹in

408 3721 550 3784 spiritus
570 3721 713 3774 fortioris
733 3717 918 3794 pertibus
939 3719 1159 3794 nonaginta
1193 3761 1360 3777 .....
1408 3714 1447 3772 90

355 3811 480 3896 Liquor
508 3813 646 3878 obscure
669 3813 795 3892 fuscus,
819 3816 876 3901 qui
900 3815 1080 3880 calefactus
1103 3819 1196 3880 totus
1220 3813 1390 3878 evanescit
1412 3818 1445 3876 et

310 3917 345 3980 in
368 3939 487 4003 aquom
509 3919 694 3985 instillatus
717 3921 850 3986 Iodium
873 3923 1133 3988 minutissimum
1157 3921 1311 3986 secernit.
1350 3913 1353 3920 ’

356 4025 540 4091 Solutionis
574 4027 662 4092 Iodii
692 4028 892 4114 spirituosue
915 4035 1032 4116 guttae
1056 4032 1086 4106 4,
1111 4051 1215 4114 equae
1239 4025 1445 4093 centimetris

310 4131 434 4197 cubicis
460 4137 499 4197 15
524 4139 557 4198 et
579 4135 766 4199 emmoniae
789 4136 994 4200 centimetris
1018 4136 1142 4200 cubicis
1166 4139 1185 4199 5
1209 4135 1343 4209 mixtae,
1355 4132 1446 4196 intra

311 4238 425 4303 borum
452 4243 468 4302 l
494 4240 718 4305 iodoformum
742 4263 784 4304 ne
807 4249 991 4306 secernant.
