3530 5026
809 507 870 570 131

316 700 514 766 Extractum
526 698 650 765 Ohinse
662 687 834 787 liquidum,
848 700 934 766 scidi
945 701 1190 786 hydrochlorici
1199 702 1298 769 diluti
1306 704 1399 770 volu·

272 809 356 873 mine
395 807 534 873 dimidio
568 809 720 886 mixtum,
756 807 1012 894 praecipitatum
1046 809 1221 875 ebundcns
1255 811 1401 896 deponat

270 915 389 994 elbum,
414 915 504 1002 quod
527 918 644 1000 postes
667 915 809 980 colorem
832 914 1066 982 rubrofuscum
1090 917 1204 983 trehit.

314 1021 511 1087 Extractum
539 1018 667 1087 Chinee
689 1020 852 1106 liquidum
875 1021 1132 1088 cloeloideorum
1156 1028 1268 1109 portes
1291 1031 1400 1091 cente·

272 1128 370 1194 simum
395 1132 415 1193 5
438 1127 481 1192 ed
505 1129 524 1193 6
549 1127 729 1193 contineat.
1345 1124 1349 1132 '

314 1235 485 1316 Quantum
499 1235 590 1312 insit,
603 1235 652 1300 ite
660 1235 837 1300 statuitur:
855 1234 1048 1302 Commixte
1059 1240 1201 1305 extracti
1213 1245 1400 1324 gremmcte

271 1346 289 1407 5
319 1349 354 1409 et
382 1364 489 1429 cquae
517 1342 714 1408 centimetre
743 1342 859 1408 cubica
886 1346 906 1406 8
928 1365 1004 1408 cum
1027 1345 1171 1410 aetheris
1194 1346 1399 1412 centimetris

270 1449 392 1515 cubicis
410 1452 474 1514 100
489 1453 523 1514 et
538 1449 715 1514 solutionis
727 1449 881 1534 hydretis
893 1451 1013 1516 nstrici
1024 1453 1230 1518 centimetris
1242 1454 1366 1519 cubicis
1380 1457 1398 1518 2

270 1577 327 1640 per
341 1557 443 1621 horse
457 1561 587 1642 purtem
603 1557 843 1642 sexagesimum
860 1556 996 1623 fortiter
1010 1581 1205 1646 conquasse,
1221 1583 1288 1647 quo
1296 1559 1397 1638 fecte,

269 1663 391 1728 additis
415 1663 561 1748 pulveris
584 1665 824 1749 tragacanthce
846 1667 1041 1749 gremmctis
1065 1669 1095 1744 4,
1120 1667 1241 1733 iterum
1265 1666 1400 1732 fortiter

269 1790 465 1856 conquusse;
482 1770 523 1834 de
534 1770 672 1855 liquoris
684 1770 766 1836 cleri
778 1771 984 1837 centimetris
996 1773 1120 1839 cubicis
1133 1776 1176 1838 80
1187 1779 1240 1860 (:
1257 1775 1399 1840 extructi

269 1876 463 1962 grammatis
483 1879 520 1961 4)
541 1878 677 1942 aethere
700 1878 842 1944 destille.
867 1878 960 1958 Quae
982 1887 1190 1965 supererunt,
1214 1881 1250 1945 in
1262 1881 1400 1966 spiritus

269 1983 473 2049 centimetris
492 1984 618 2051 cubicis
641 1986 661 2048 3
685 1982 787 2064 solve,
811 1985 898 2051 acidi
910 1987 1154 2072 hydroohlorici
1167 1987 1399 2054 decinormelis

268 2091 463 2157 centimetre
477 2091 593 2157 cubica
610 2093 651 2156 12
666 2091 761 2170 eddo,
777 2093 866 2158 filtra
881 2098 980 2179 etque
992 2093 1198 2160 cucurbitam
1209 2094 1400 2181 filtrumque

268 2220 372 2285 squce
382 2197 629 2284 quantitatibus
641 2197 753 2282 parvis
765 2198 846 2275 elue,
856 2196 939 2270 ,dum
950 2197 1076 2264 filtrete
1087 2199 1156 2264 sint
1167 2200 1399 2265 centimetrum

268 2305 458 2370 cubicorum
483 2307 536 2372 50.
563 2303 660 2370 Acidi
683 2303 906 2389 quantitatem
929 2304 1151 2383 excedentem,
1176 2304 1299 2370 additis
1322 2306 1399 2370 hce-

267 2411 466 2498 metoxylini
488 2410 597 2498 guttis
616 2413 649 2494 3,
672 2410 847 2476 retrotitre
870 2431 928 2495 per
951 2411 1045 2476 elceli
1062 2410 1293 2488 decinormele,
1306 2413 1400 2477 cuius

267 2519 462 2585 centimetrs
484 2518 600 2585 cubica
623 2519 644 2581 4
667 2517 710 2582 ed
733 2519 787 2596 5,3
805 2517 1028 2603 requirentur.
1057 2517 1399 2584 Acididecinormclis

267 2625 437 2691 coniuncti
469 2625 684 2693 centrimetre
718 2623 832 2690 cubica
867 2623 1000 2710 singule
1023 2624 1278 2690 elceloideorum
1301 2624 1399 2690 milli-

266 2737 455 2818 gremmste
477 2734 520 2797 30
543 2731 704 2798 indicent.

216 2919 219 2926 Δ
312 2840 509 2906 Extrectum
532 2838 660 2906 Chinee
682 2838 844 2924 liquidum
864 2839 1140 2904 chinatcrmetum
1158 2843 1271 2924 portes
1290 2844 1400 2906 cente·

267 2947 368 3012 simus
392 2947 445 3024 7,5
468 2945 512 3010 ed
537 2948 578 3011 10
601 2946 782 3012 contineat.

311 3052 482 3132 Quantum
518 3051 611 3131 insit,
651 3053 701 3118 ite
734 3054 913 3119 statuitur:
957 3053 1059 3119 Misce
1100 3054 1136 3117 in
1167 3053 1290 3138 petetis
1323 3055 1396 3118 noti

268 3158 423 3244 ponderis
457 3159 599 3225 extructi
632 3164 819 3245 grammate
851 3163 869 3224 5
902 3181 1006 3246 equae
1033 3161 1237 3226 centimetris
1272 3160 1397 3226 cubicis

269 3267 310 3331 20
340 3271 374 3332 et
408 3267 547 3333 ecetctis
582 3265 683 3331 kslici
717 3267 914 3351 grammatis
949 3269 969 3330 2
1004 3272 1039 3332 et
1071 3267 1107 3330 in
1142 3267 1261 3333 balneo
1291 3289 1396 3354 eques

267 3395 411 3459 evcpors
441 3372 485 3437 ed
517 3378 705 3460 grammate
736 3375 787 3438 10.
819 3372 1067 3459 Refrigeretum
1097 3374 1259 3460 liquorem
1282 3395 1397 3460 super·

267 3481 413 3566 positum
436 3480 581 3546 defundc
604 3481 640 3544 in
658 3463 793 3558 filtrum,
814 3503 901 3568 eque
920 3480 1161 3560 madefactum3
1186 3504 1270 3567 quse
1282 3504 1396 3568 super·

267 3594 373 3666 crunt,
404 3587 440 3652 in
467 3589 591 3673 putetis
613 3588 710 3653 eblue
734 3610 841 3674 equae
863 3589 1069 3654 centimetris
1091 3588 1216 3656 cubicis
1241 3591 1270 3667 2,
1296 3612 1395 3675 quum

266 3717 385 3781 equam
407 3716 539 3783 quoque
560 3697 596 3759 in
607 3695 733 3760 filtrum
744 3695 918 3774 infundes;
942 3717 1026 3781 quee
1037 3695 1073 3760 in
1084 3695 1174 3761 filtro
1186 3700 1394 3781 supererunt,

266 3801 348 3868 udde
377 3801 429 3882 iis,
462 3823 547 3887 queo
577 3811 657 3867 sunt
686 3803 722 3866 in
752 3803 883 3888 petella,
916 3803 953 3867 in
983 3803 1102 3868 belneo
1134 3823 1239 3888 eques
1262 3803 1395 3888 agitans

267 3909 359 3990 sicce,
394 3909 539 3996 denique
566 3909 602 3973 in
632 3910 835 3975 exsiccetore
866 3909 1065 3995 refrigerate
1088 3909 1245 3995 pondere.
1270 3907 1392 3975 Chius-

267 4021 439 4084 tunnstum
469 4017 515 4082 sit
538 4015 669 4101 pondus
691 4017 999 4103 milligrcmmstum
1022 4018 1087 4083 375
1110 4017 1153 4081 ed
1177 4018 1251 4081 500.

737 4243 939 4256 *-
