3582 5034
879 509 942 572 278

388 703 461 768 Olei
474 704 646 768 Olivarum
659 703 864 768 centimetris
876 704 1000 768 cubicis
1014 707 1033 768 2
1045 727 1120 769 cum
1133 705 1309 770 solutionis
1322 706 1475 791 hydretis

344 809 442 874 kolici
467 809 667 894 spirituosee
689 810 893 875 centimetris
915 810 1040 876 cubicis
1066 815 1107 876 10
1126 813 1293 878 concoctis
1312 813 1476 880 dumtote

344 921 508 1000 seponete
538 916 616 992 sint,
648 917 758 980 solute
788 916 877 980 clere
908 917 957 980 ite
980 920 1313 1004 purete,pe1·horos
1338 921 1475 985 241000

343 1021 468 1108 frigido
498 1027 640 1100 servate,
672 1045 715 1087 ne
743 1023 779 1086 in
810 1024 937 1108 pultem
966 1025 1195 1110 crystallinam
1225 1026 1370 1092 obierint
1392 1049 1476 1091 neve

344 1134 472 1194 secrete
495 1129 691 1214 crystallino
714 1129 894 1195 exhibecnt
916 1131 1035 1213 (oleum
1058 1130 1259 1214 Arootidts).

810 1301 944 1313 ——--a.
958 1304 1012 1311 --.-

704 1433 1113 1528 enumerent.

390 1600 508 1664 Oleum
531 1602 664 1688 pingue,
688 1601 797 1666 calore
819 1623 887 1666 non
911 1600 1062 1666 adhibito
1086 1601 1299 1686 expressione
1322 1606 1476 1688 peretum

346 1729 363 1772 e
394 1708 576 1773 seminibus
606 1709 887 1794 spermodermide
917 1708 1067 1773 liberatis
1100 1730 1186 1793 quee
1209 1709 1346 1794 praebet
1368 1709 1476 1773 Rici-

344 1815 815 1894 nuscommunis,L1NN.
841 1815 898 1900 Sp.
923 1815 970 1880 Pl.
998 1815 1093 1879 1007.

389 1957 507 2022 Oleum
537 1959 658 2023 coloris
686 1979 803 2043 expers
827 1957 880 2022 vel
904 1957 1102 2034 subflavum,
1128 1958 1282 2043 spissum,
1307 1957 1419 2022 odoris
1443 1963 1477 2022 et

344 2066 473 2151 seporis
496 2063 566 2129 fere
589 2085 724 2150 expers3
748 2086 848 2150 seper
870 2063 988 2128 deinde
1012 2085 1088 2128 ucer
1109 2086 1152 2129 ne
1175 2064 1245 2128 fiet.
1268 2063 1310 2127 In
1333 2068 1476 2129 stratum

345 2176 443 2236 tenue
474 2175 647 2236 extentum
662 2162 665 2166 ’
678 2171 797 2236 Oleum
827 2170 935 2236 Ricini
966 2176 1098 2236 tentum
1132 2171 1316 2237 lentissime
1345 2173 1475 2236 erescit.

344 2279 478 2344 Pondus
502 2279 690 2364 specificum
714 2280 812 2356 0‚955
835 2277 878 2342 nd
901 2279 1011 2354 0,970.

389 2385 506 2450 Oleum
530 2387 638 2451 Ricini
649 2387 759 2452 ociore
770 2385 889 2471 gluciei
900 2385 1114 2470 liquescentis
1126 2385 1298 2470 spissescit
1310 2389 1346 2450 et
1356 2385 1476 2450 floccos

342 2491 565 2576 crystallinos,
588 2492 682 2556 albos
704 2491 859 2576 deponit3
886 2497 986 2557 aucto
1009 2491 1144 2578 frigore,
1166 2493 1274 2557 oleum
1287 2493 1320 2555 in
1332 2513 1476 2557 messum

343 2598 559 2684 butyrececm
580 2599 772 2663 concrescit.

388 2705 506 2770 Oleum
529 2706 637 2770 Ricini
659 2706 696 2769 in
718 2705 813 2771 ecido
837 2709 962 2772 ucetico
986 2713 1201 2771 concentmto
1220 2712 1254 2771 et
1274 2708 1309 2770 in
1328 2705 1476 2771 ulcoholc

342 2812 497 2878 absoluto
521 2834 581 2897 pro
600 2813 717 2898 quevis
737 2814 892 2898 portione
911 2813 1070 2888 solvitur;
1092 2811 1207 2876 addito
1226 2812 1364 2896 spiritus
1384 2810 1476 2875 volu·

343 2919 431 2983 mine
455 2918 586 3004 triplici,
611 2919 737 2983 clerum
761 2919 815 2984 sit.

387 3025 461 3090 Olei
492 3025 600 3091 Ricini
630 3025 827 3090 centimetrc
857 3026 973 3091 cubico
1006 3028 1047 3089 10
1070 3047 1145 3090 curn
1168 3025 1314 3090 aetheris
1336 3022 1475 3109 petroiei

341 3132 547 3198 centimetris
566 3131 691 3196 cubicis
716 3134 758 3195 20
781 3136 1012 3217 conquassate,
1038 3133 1194 3217 seposita,
1217 3131 1252 3194 in
1279 3135 1387 3195 strete
1410 3129 1475 3193 duo

342 3238 544 3315 dividantur,
568 3260 708 3322 quorum
725 3238 866 3304 inferius
881 3239 1050 3304 volumine
1061 3259 1128 3302 non
1142 3239 1251 3302 minus
1263 3259 1363 3322 quem
1374 3235 1475 3302 centi-

342 3351 485 3411 metrum
508 3346 698 3411 cubicorum
724 3349 764 3410 15
790 3347 843 3411 sit.

387 3453 494 3518 Index
524 3452 760 3530 indimetricus‚
795 3455 1023 3539 experimento
1051 3453 1084 3514 in
1109 3450 1385 3536 milligrummetis
1412 3451 1474 3512 210

342 3561 384 3624 ed
410 3563 473 3625 240
497 3581 556 3645 per
580 3561 681 3624 horae
705 3565 834 3645 purtem
857 3566 1011 3645 quartem
1031 3558 1237 3634 continuato,
1257 3578 1299 3620 ne
1311 3556 1356 3622 sit
1368 3555 1476 3620 minor

342 3689 440 3752 quem
465 3669 508 3730 84
531 3688 615 3731 neve
638 3667 745 3730 maior
767 3688 867 3751 quum
891 3669 944 3729 88.

387 3772 457 3837 Olei
491 3772 600 3836 Ricini
630 3773 836 3836 centimetris
867 3773 991 3838 cubicis
1025 3775 1044 3836 3
1076 3793 1151 3836 cum
1175 3771 1285 3835 sulfidi
1308 3769 1474 3834 cerbonici

341 3879 546 3944 centimetris
569 3879 694 3944 cubicis
718 3882 738 3943 3
763 3885 797 3944 et
819 3881 905 3944 ccidi
930 3880 1082 3945 sulfurici
1101 3880 1298 3945 centimetro
1321 3875 1437 3943 cubico
1456 3882 1472 3939 l

342 4007 401 4070 per
423 3985 525 4049 home
547 3989 660 4070 portes
682 3987 908 4071 sexagesimus
927 3987 1106 4052 nonnullus
1117 3984 1357 4071 conquassatis,
1372 3984 1476 4048 mixte

342 4091 524 4157 flavescunt
547 4091 634 4170 licet,
659 4100 695 4159 at
718 4093 813 4158 fusce
836 4113 878 4156 ne
901 4093 982 4157 finnt
1007 4114 1091 4157 neve
1113 4091 1314 4176 nigrescunt.
