3466 5038
847 520 890 580 44

299 713 400 776 horas
425 713 467 776 24
489 713 526 775 in
547 714 674 777 filtrum
698 713 768 776 noti
788 711 954 796 ponderis,
971 717 1048 775 autc
1065 711 1233 788 siccatum,
1255 710 1431 776 collectum

299 823 333 883 et
363 821 549 884 ammoniae
578 820 705 884 dilutae
735 821 769 902 (1
788 846 821 878 :
839 820 874 902 4)
901 817 1146 903 quantitatibus
1168 818 1280 902 parvis
1304 817 1432 882 elutum

300 925 373 1002 erit,
409 925 540 1011 pondus
574 926 793 1011 praecipitati,
829 926 949 990 caloris
983 924 1090 1010 gradu
1126 925 1205 990 105⁰
1236 925 1361 1001 siccati,
1386 925 1431 990 sit

300 1032 609 1118 milligrammatum
633 1035 697 1098 302
720 1033 763 1097 ad
787 1035 862 1097 304.

419 1150 531 1208 Doses
553 1149 730 1208 maximae
752 1149 911 1224 singulae
933 1149 1265 1224 milligrammatum
1287 1148 1315 1209 5.

418 1248 532 1306 Doses
553 1249 731 1306 maximae
752 1249 789 1306 in
811 1249 917 1308 horas
938 1249 1083 1306 vicenas
1104 1251 1292 1320 quaternas

460 1345 793 1420 milligrarnmaturn
816 1347 863 1406 10.

692 1635 794 1730 isa
824 1636 1037 1730 laetitia.

343 1814 589 1878 Gummiresiua
616 1834 715 1899 quam
739 1812 899 1898 praebent
927 1813 1089 1898 quaedam
1113 1812 1238 1897 specics
1263 1811 1431 1874 Asiaticae

299 1921 431 2006 generis
456 1920 648 1998 Ferulae,
673 1920 900 1984 verisimiliter
918 1920 1074 1984 Ferula
1097 1919 1279 1996 foetida,
1299 1919 1428 1994 Rasna,

299 2028 336 2091 in
367 2029 441 2092 Act.
474 2027 573 2091 Hort.
606 2027 738 2111 Petrop.
770 2027 810 2090 V.
834 2027 950 2112 (1877)
975 2029 1038 2090 592
1063 2031 1096 2090 et
1121 2026 1277 2089 Ferula
1308 2025 1430 2088 Assa-

300 2133 492 2212 Foetida,
526 2133 626 2198 LINN.
652 2133 709 2219 Sp.
735 2134 783 2198 Pl.
810 2136 883 2197 248.

345 2241 451 2306 Sucus
471 2241 598 2305 lacteus
614 2263 632 2304 e
646 2240 815 2305 radicibus
830 2241 944 2305 incisis
961 2240 1137 2325 profluens,
1155 2261 1230 2302 aere
1245 2237 1430 2302 induratus.

345 2385 457 2448 Grana
480 2388 636 2468 separata
659 2388 718 2447 aut
741 2382 981 2468 conglutinata,
1010 2383 1098 2446 flava
1117 2385 1176 2445 aut
1201 2379 1314 2463 fusca;
1349 2401 1431 2444 non-

298 2512 469 2577 nunquam
492 2490 699 2575 superficiem
723 2489 905 2554 violaceam
928 2491 1097 2554 exhibent.
1132 2489 1259 2552 Recens
1282 2487 1431 2551 fractura

297 2597 409 2662 albida
432 2603 484 2662 est
507 2603 541 2662 et
564 2598 752 2684 subnitida3
777 2596 938 2682 paulatim
960 2595 1116 2673 rubescit,
1144 2593 1429 2658 deindefuscafit.

300 2703 498 2788 Superficics
533 2703 702 2767 fracturae
733 2703 817 2780 alba,
849 2701 1017 2766 ammonia
1047 2700 1237 2786 liquefacta,
1269 2699 1430 2778 flavescit,

297 2810 392 2875 acido
423 2810 545 2875 uitrico
567 2810 758 2896 liquefacta,
783 2809 928 2874 virescit.

342 2916 434 2982 Odor
442 2918 610 3002 proprius,
625 2923 813 3002 penctrans
828 2938 1034 3001 permanens,
1048 2916 1219 2997 alliaccus;
1233 2935 1333 3000 sapor
1345 2934 1428 2978 acer.

342 3025 431 3088 Asae
464 3024 611 3089 foetidae
645 3025 792 3110 pulveris
826 3027 1013 3110 grammata
1049 3027 1101 3100 2,5
1136 3023 1165 3087 si
1192 3043 1268 3086 cum
1292 3021 1429 3106 spiritus

298 3131 503 3196 centimetris
523 3131 647 3196 cubicis
673 3135 713 3196 25
737 3137 895 3196 concocta
917 3136 1025 3208 erunt,
1050 3152 1137 3215 pars,
1162 3151 1246 3214 quae
1265 3127 1350 3193 solvi
1362 3127 1430 3190 non

298 3242 421 3322 potest,
446 3239 569 3302 siccata
593 3237 714 3302 caloris
734 3238 841 3322 gradu
865 3239 953 3315 100⁰,
977 3237 1173 3322 grammatis
1189 3258 1231 3299 ne
1244 3236 1318 3320 plus
1331 3254 1430 3319 quam

305 3348 322 3407 1
338 3343 393 3410 sit.
408 3341 493 3408 Cum
505 3365 591 3429 aqua
603 3345 749 3408 coutrita
761 3346 830 3408 Asa
842 3344 971 3409 foetida
982 3345 1146 3409 emulsum
1158 3342 1271 3407 album
1283 3339 1429 3426 praebet.

341 3451 429 3514 Aeac
463 3448 610 3514 foetidae
644 3472 773 3515 massae
808 3451 991 3536 aequaliter
1024 3451 1148 3526 fuscae,
1183 3469 1290 3535 neque
1320 3448 1429 3511 minus

297 3579 426 3622 massae
450 3556 563 3642 exigui
586 3557 698 3623 odoris
721 3559 913 3623 reiciantur.

341 3663 395 3727 Ad
424 3684 522 3727 usum
553 3665 622 3728 Asa
651 3663 788 3740 foetida,
821 3687 880 3751 per
910 3667 1032 3730 calcem
1059 3666 1172 3728 vivam
1195 3664 1328 3739 siccata,
1352 3681 1428 3726 cou-

297 3769 459 3834 tundatur
493 3776 527 3835 et
562 3791 622 3855 per
654 3771 800 3836 cribrum
831 3772 1019 3858 quisquiliis
1053 3777 1224 3857 purgetur,
1249 3789 1314 3855 quo
1337 3767 1429 3831 facto

295 3875 331 3938 in
354 3874 525 3959 pulverem
547 3877 636 3962 (Bw)
657 3878 841 3963 redigatur.
873 3878 939 3957 Qui
962 3877 1073 3963 pulvis
1096 3876 1289 3942 combustus
1305 3874 1426 3940 cineris

297 4002 339 4045 ne
362 3982 437 4067 plus
461 4005 560 4068 quam
584 3990 697 4068 partes
720 3985 918 4050 centesimas
945 3988 986 4049 10
1008 3985 1185 4069 relinquat.

344 4089 421 4154 Per
451 4091 610 4156 calcem
641 4091 783 4155 vivam
814 4091 1039 4158 servanda.
