3584 5026
865 498 927 560 166

539 687 590 786 ÷
625 691 778 786 Folia
812 691 1152 810 Hycscyami.

371 851 465 916 Folia
481 873 565 937 quae
578 849 961 936 feriHyoecyamus
981 851 1114 937 niger,
1132 851 1233 916 LINN.
1247 851 1305 937 Sp.
1319 852 1366 916 Pl.
1383 853 1456 938 179,

325 957 369 1022 ab
391 958 495 1023 herba
517 958 660 1036 florenti,
685 958 825 1044 quaein
850 957 960 1043 patria
984 961 1102 1022 nostra
1123 956 1255 1036 colitur,
1279 957 1427 1024 collecta.

372 1100 466 1165 Folia
507 1100 678 1186 simplicia,
714 1100 781 1165 ima
815 1099 1079 1186 longipetiolata
1115 1100 1287 1185 superiora
1320 1099 1457 1178 sensilia,

326 1227 455 1271 summe
466 1207 811 1292 ecmiamplexicaulia.
837 1207 976 1272 Lamina
987 1207 1204 1272 decimatrum
1226 1210 1242 1269 1
1260 1206 1303 1271 ad
1316 1209 1335 1270 2
1348 1207 1449 1292 longa

326 1314 394 1378 laia
412 1314 456 1378 ad
475 1315 691 1380 decimatrum
710 1318 737 1391 1,
752 1314 871 1392 tenuia,
885 1336 960 1380 cum
971 1334 1087 1379 recena
1100 1319 1152 1378 eei
1163 1313 1311 1395 flaccida,
1322 1313 1457 1392 viscida;

327 1420 719 1507 oblongopinnaiilobaia
752 1422 806 1486 vel
837 1420 1199 1506 ovatopinnatilobaia;
1223 1441 1309 1506 apex
1330 1426 1457 1485 acutus.

327 1527 525 1613 Superficies
549 1528 670 1614 pallide
693 1529 821 1607 viridis,
846 1528 961 1614 pilosa,
986 1527 1182 1613 pracsertim
1204 1527 1239 1591 in
1255 1527 1367 1592 nervis
1380 1527 1460 1592 etin

328 1635 487 1720 margine,
508 1635 584 1720 pilia
608 1635 840 1700 communibus
864 1642 898 1700 ei
919 1634 997 1720 pilia
1021 1634 1238 1720 glanduloeie.

373 1741 465 1806 Odor
487 1741 693 1821 narcoticum
718 1763 818 1828 sapor
840 1762 981 1818 emanue,
1006 1741 1154 1806 eubacer.
1297 1825 1298 1828 Ἴ

372 1848 528 1914 Aetheria
551 1848 756 1915 centimeiria
778 1848 903 1914 cubicis
927 1849 947 1912 3
967 1848 1154 1913 ammoniae
1173 1849 1279 1934 guttis
1303 1851 1322 1911 2
1346 1847 1460 1911 mixtis

329 1976 403 2020 cum
428 1955 596 2020 Foliorum
622 1955 829 2040 Hyoecyami
852 1954 1000 2041 pulveris
1015 1955 1294 2042 milligrammaiie
1307 1957 1371 2019 250
1383 1976 1460 2020 con-

328 2061 504 2148 quassatis,
524 2061 645 2126 deinde
663 2062 807 2140 filtraiis,
824 2084 908 2148 quae
920 2062 1100 2147 deliquere
1112 2063 1268 2127 aethereo
1280 2066 1460 2147 evaporato

328 2173 536 2253 supererunt,
564 2169 600 2233 in
622 2169 708 2234 acidi
732 2169 884 2234 sulfurici
907 2167 1006 2234 diluti
1029 2174 1127 2254 guita
1151 2174 1167 2232 1
1193 2170 1314 2250 soluta,
1336 2167 1460 2233 additis

326 2297 432 2361 aquae
451 2275 559 2361 guttis
578 2279 607 2354 5,
627 2275 789 2361 liquorem
813 2275 1003 2362 praebeant,
1028 2274 1326 2362 quiaddiiaiodeti
1337 2274 1459 2340 kalico·

328 2382 562 2470 hydrargyrici
585 2387 683 2469 guita
708 2387 725 2447 l
750 2381 930 2448 manifesto
953 2382 1119 2451 turbatur.

379 2655 429 2753 ÷
463 2659 618 2753 Folia
652 2657 1029 2752 Laurnccrasi
1065 2657 1333 2750 recentia.

372 2819 467 2883 Folia
482 2817 630 2884 recentia
644 2840 729 2904 quae
744 2816 1344 2893 feriPrunueLaurccerasus,
1358 2815 1459 2879 LmN.

329 2926 389 3011 Sp.
412 2926 459 2990 Pl.
484 2926 560 3003 474,
584 2924 708 3002 adulta,
733 2930 894 2990 autumno
917 2923 1066 2989 collecta.

374 3069 504 3134 Folium
516 3069 666 3155 simplex,
673 3066 976 3153 brevipeiiolatum.
993 3066 1132 3131 Lamina
1142 3065 1459 3150 coriaceaoblonga,

328 3175 560 3261 penninervia;
577 3197 663 3261 apex
682 3174 925 3261 quodammodo
944 3174 1162 3252 acuminatus,
1175 3193 1334 3238 recurvus
1344 3191 1351 3251 ;
1372 3170 1461 3236 basis

329 3289 439 3362 acuta;
461 3304 576 3370 margo
588 3282 833 3368 quodammodo
845 3303 1013 3359 recurvus,
1027 3280 1280 3367 superficialiter
1291 3285 1325 3344 ei
1335 3283 1462 3344 remote

330 3395 487 3455 serratus.
512 3389 711 3474 Superficies
734 3389 860 3474 glabra.
885 3389 925 3454 In
949 3393 1045 3474 parte
1066 3387 1235 3466 inferiore,
1259 3387 1355 3452 iuxta
1366 3385 1461 3450 basin

328 3503 450 3576 costae,
474 3497 642 3582 utrimque
667 3501 684 3561 1
709 3498 763 3563 vel
787 3500 806 3561 2
825 3497 921 3583 parvi
939 3496 1021 3562 sulci
1038 3495 1236 3581 glanduloei,
1251 3493 1459 3569 orbiculatos,

329 3626 446 3691 parum
469 3605 539 3671 alei.

373 3712 467 3778 Folia
490 3713 706 3778 Lauroceraei
729 3711 875 3777 receniia
897 3715 1038 3776 contusa
1061 3708 1197 3774 odorem
1220 3712 1383 3794 sparguni
1397 3705 1461 3771 olei

330 3820 541 3885 leuroceraei.
588 3818 629 3883 In
671 3817 772 3896 foliis,
808 3823 880 3882 ium
913 3816 1104 3883 recentibus
1138 3837 1214 3881 cum
1248 3837 1309 3901 per
1341 3834 1461 3900 aquam

329 3926 514 4002 maceratis,
539 3924 665 3990 ferrum
686 3924 899 3990 Bornesicum
915 3924 1025 3988 oriens
1037 3923 1168 3988 acidum
1180 3920 1461 4009 hydrocyanicum

331 4032 447 4098 edeam
469 4033 605 4099 indicat.

375 4139 483 4228 Sapor
504 4161 646 4218 amarus,
671 4140 817 4218 acerbus,
843 4137 1116 4206 subaromaiicue.
