3466 5038
351 471 418 541 vru

374 649 580 735 Simplicium
613 649 853 734 descriptiones
888 671 955 713 non
989 650 1128 714 eandem
1162 652 1230 715 vim
1265 652 1387 717 habere
1421 675 1459 719 ac

329 758 485 842 pleraque
520 757 805 842 Pharmacopoeae
828 763 1006 842 praecepta
1029 779 1163 822 necesse
1194 765 1254 823 est.
1290 759 1458 837 Attamen,

329 866 429 928 etiam
464 864 552 950 quod
586 863 630 927 ad
666 864 840 948 pulverum
875 864 1022 948 insignia
1056 865 1293 950 microscopica
1326 867 1457 944 attinet,

329 972 376 1035 ita
406 970 594 1035 elaboratae
617 975 651 1034 et
673 969 841 1055 perfectae
865 977 953 1048 sunt,
979 977 1017 1035 ut
1040 970 1160 1035 herbas
1183 972 1404 1056 cognoscendi
1427 979 1460 1036 et

330 1078 479 1142 admixta
490 1076 651 1162 falsaque,
662 1100 862 1162 quamquam
874 1100 941 1142 non
954 1079 1126 1142 nominata
1135 1085 1223 1156 sunt,
1233 1079 1459 1164 investigandi

328 1184 525 1249 facultatem
549 1184 741 1269 praebeant.

374 1291 622 1376 Descriptiones
637 1291 820 1378 insignium
832 1292 1141 1377 microscopicorum
1154 1291 1360 1377 Simplicium
1372 1293 1459 1376 ipso-

329 1421 403 1462 rum
424 1420 492 1462 non
522 1403 675 1483 receptae
698 1404 786 1476 sunt,
811 1399 888 1483 quia
911 1397 954 1461 ad
978 1398 1098 1463 herbas
1121 1399 1369 1482 cognoscendas
1391 1420 1460 1462 non

328 1507 394 1570 nisi
415 1527 492 1571 raro
515 1507 702 1570 necessaria
725 1512 804 1570 sunt
826 1511 860 1570 et
870 1506 983 1589 imago
995 1510 1182 1570 structurae
1195 1506 1448 1590 microscopicae

329 1635 413 1699 quae
443 1613 564 1676 litteris
594 1613 649 1677 vel
672 1613 782 1697 aliqua
804 1635 846 1676 ex
868 1618 963 1698 parte
987 1611 1185 1689 satisfaciat,
1211 1613 1370 1676 terminos
1382 1613 1459 1676 huic

329 1721 421 1805 operi
443 1720 644 1784 constitutos
666 1719 765 1803 longe
789 1718 1013 1804 egrederetur.

374 1827 551 1891 Pulverum
569 1847 648 1890 vero
668 1826 885 1910 microscopia
898 1830 1032 1909 recepta
1043 1829 1102 1902 est,
1117 1826 1194 1910 quia
1206 1825 1249 1888 ad
1258 1846 1456 1910 cognoscen-

328 1935 388 1998 das
407 1933 528 1997 herbas
546 1933 732 1997 necessaria
751 1937 810 2010 est,
829 1932 928 1996 simul
948 1937 986 1996 ut
1005 1933 1095 2017 leges
1106 1933 1262 2017 puritatis
1275 1938 1459 1996 statueren-

329 2046 393 2116 tur,
418 2039 537 2124 quibus
561 2039 762 2124 pulveribus,
787 2039 843 2125 qui
868 2043 1029 2124 prostant,
1055 2039 1326 2104 satisfaciendum
1350 2044 1411 2103 est.

372 2147 414 2211 In
437 2147 489 2210 his
513 2145 790 2229 descriptionibus
814 2169 897 2231 quae
920 2167 1001 2210 usus
1025 2146 1173 2230 postulat
1196 2145 1339 2230 primum
1350 2146 1458 2210 locum

327 2255 492 2320 obtinent.
516 2253 654 2339 Semper
673 2253 851 2339 descriptio
863 2253 980 2337 incipit
992 2254 1035 2317 ab
1046 2253 1088 2316 iis
1100 2252 1279 2329 elementis,
1293 2274 1376 2336 quae
1389 2252 1459 2336 pul-

328 2361 417 2424 veris
428 2381 572 2424 massam
584 2360 774 2445 primariam
787 2359 932 2424 efficiunt
943 2384 950 2441 ;
962 2359 1039 2422 inde
1052 2358 1168 2423 ordine
1181 2358 1222 2421 ad
1236 2379 1273 2421 ea
1286 2358 1456 2434 elementa,

328 2488 412 2552 quae
433 2466 543 2530 minus
566 2464 754 2551 frequentia
777 2472 865 2543 sunt,
890 2467 1022 2532 transit.
1047 2465 1139 2544 Quae
1151 2466 1186 2528 in
1198 2465 1310 2548 amylo
1322 2464 1459 2529 investi-

328 2573 439 2660 gando
467 2577 600 2657 reperta
631 2579 719 2651 sunt,
751 2594 881 2659 semper
911 2578 1145 2648 memorantur,
1174 2571 1274 2635 etiam
1296 2571 1354 2634 ubi
1376 2571 1458 2635 haec

328 2681 483 2745 materies
499 2701 634 2764 prorsus
646 2682 700 2744 vel
711 2702 814 2766 prope
826 2681 929 2745 deest.
943 2680 1036 2742 Talia
1047 2678 1169 2742 indicia
1181 2679 1338 2763 negativa
1349 2679 1412 2742 hac
1424 2679 1458 2741 in

327 2810 362 2852 re
386 2789 482 2852 nobis
505 2788 689 2852 necessaria
711 2788 784 2851 visa
799 2773 892 2864 sunt,
918 2787 995 2870 quia
1014 2807 1112 2870 saepe
1124 2784 1244 2850 accidit
1255 2790 1293 2848 ut
1305 2785 1458 2870 pulveres

327 2894 438 2978 amylo
472 2893 674 2957 misceantur
707 2893 846 2978 ideoque
882 2893 988 2956 omnis
1023 2891 1188 2955 dubitatio
1217 2891 1364 2955 tollenda
1388 2898 1456 2968 est;

327 3002 409 3064 haec
430 2999 554 3064 indicia
576 3000 611 3062 in
634 2999 699 3064 fine
722 2999 982 3085 descriptionum
1004 2999 1229 3062 inveniuntur.

371 3106 413 3170 In
435 3106 476 3170 iis
499 3106 700 3191 pulveribus,
724 3106 781 3191 qui
804 3105 1047 3170 dubitationem
1070 3105 1223 3180 afferunt,
1247 3104 1409 3188 imprimis
1428 3103 1457 3168 si

328 3212 481 3297 pulveres
511 3213 689 3276 herbarum
719 3212 866 3275 affinium
897 3212 1048 3296 partibus
1071 3211 1194 3275 mixtos
1218 3232 1289 3275 esse
1312 3211 1456 3294 suspicio

327 3320 431 3396 adest,
457 3320 626 3405 pulverem
648 3319 830 3384 normalem
853 3319 1041 3402 comparari
1063 3339 1197 3382 necesse
1221 3322 1281 3382 est.

372 3427 530 3491 Pulveres
548 3449 608 3510 per
619 3426 873 3508 microscopium
884 3423 1099 3510 inquiruntur
1110 3425 1144 3487 in
1157 3446 1254 3509 aqua,
1267 3424 1302 3487 in
1314 3423 1456 3508 hydrats

327 3534 475 3610 chlorali,
506 3535 541 3596 in
568 3532 710 3617 hydrats
733 3531 871 3596 chlorali
894 3531 1016 3595 iodato.
1042 3529 1079 3594 Si
1101 3536 1195 3594 extra
1218 3530 1369 3594 ordinem
1391 3530 1457 3593 alia

327 3642 483 3706 materies
506 3639 614 3703 media
636 3639 823 3717 adhibetur,
847 3642 1060 3702 memoratur.

374 3749 411 3814 si
429 3748 470 3811 de
488 3746 664 3831 crystallis,
677 3745 768 3810 nullo
780 3747 845 3809 alio
855 3745 980 3809 indicio
992 3743 1091 3820 iacto,
1105 3765 1212 3808 sermo
1224 3747 1284 3819 est,
1297 3741 1456 3826 crystalla

328 3854 469 3918 exulatis
493 3853 604 3917 ealcici
629 3853 857 3938 designantur.

370 3960 440 4024 Ubi
451 3960 588 4025 nucleus
600 3960 702 4044 amyli
714 3980 893 4043 granorum
906 3957 1035 4042 positus
1048 3956 1100 4034 sit,
1109 3978 1246 4020 numero
1254 3956 1363 4020 fracto
1371 3955 1456 4018 indi-

326 4073 429 4144 catur,
453 4068 502 4131 ita
526 4071 563 4131 ut
585 4066 686 4130 index
708 4070 742 4130 et
764 4087 942 4129 numerans
964 4064 1127 4128 rationem
1138 4062 1294 4139 indicent,
1308 4083 1392 4147 quae
1404 4067 1456 4125 est

325 4173 413 4238 inter
435 4172 553 4257 spatia,
578 4193 661 4257 quae
684 4172 821 4236 nucleus
843 4171 887 4236 ab
897 4175 1040 4254 utraque
1052 4168 1263 4233 extremitate
1275 4187 1455 4252 granorum
