3466 5038
808 461 829 523 3

240 677 323 720 neve
350 655 597 742 aullohydrate
619 655 804 720 ammonico
827 676 911 718 neve
934 656 1065 720 oxalate
1088 656 1274 720 ammonico
1298 677 1383 720 neve

237 764 334 830 acido
358 763 532 828 sulfurico
554 763 661 828 diluto
683 763 826 848 speciem
849 768 921 827 mut
942 767 965 828 t.

283 871 326 936 In
361 893 455 956 aqua
490 871 631 953 (1:50)
658 870 798 947 solutus,
823 891 882 955 per
903 869 1034 934 acidum
1056 870 1215 934 nitricum
1237 870 1381 933 dilutum

238 978 355 1043 acidus
381 979 508 1054 factus,
532 977 649 1041 addito
671 977 796 1042 nitrate
819 977 990 1062 argentino
1013 978 1067 1042 vel
1082 977 1206 1042 nitrate
1219 975 1379 1062 barytico,

240 1107 299 1170 per
322 1086 432 1150 horae
456 1090 587 1170 partem
609 1105 677 1149 non
700 1085 810 1148 minus
833 1105 933 1170 quam
955 1085 1185 1149 duodecimam
1204 1084 1312 1148 clarus
1326 1084 1379 1148 sit.

284 1195 413 1258 Acetaa
439 1191 580 1269 kalicua‚
605 1190 720 1256 addito
739 1191 834 1256 acido
853 1192 1025 1269 aulfurico‚
1038 1214 1080 1256 ne
1092 1191 1285 1256 effervescat
1297 1211 1381 1254 neve

239 1302 422 1364 coloretur.

287 1425 369 1487 Per
398 1423 564 1489 calcem
596 1424 738 1488 vivam
769 1423 1022 1488 servandae.

544 1805 734 1902 lectas
785 1807 1091 1926 pientinus.

619 1974 835 2045 Saccharnm
859 1974 1021 2045 Saturni.

616 2107 1021 2196 (OH,.000),Pb.3H,0.

289 2251 468 2337 Crystalln
503 2252 621 2316 coloris
656 2253 814 2338 expertia,
845 2251 1024 2337 perlucida,
1048 2251 1258 2327 monoclinia‚
1283 2272 1381 2336 saepe

241 2359 423 2445 superficie
447 2359 691 2443 quodammodo
715 2359 895 2437 fatiscenti,
920 2359 1048 2444 saporis
1063 2358 1179 2434 dulcia,
1194 2357 1313 2422 deindo
1325 2357 1382 2421 ad-

240 2466 459 2550 stringentie.
484 2467 605 2530 Aeetas
627 2465 813 2551 plumbicus
832 2465 867 2528 in
878 2486 984 2551 aquae
997 2463 1147 2549 partibus
1161 2466 1214 2541 ΞΑ
1226 2463 1378 2528 solvitur.

240 2571 298 2637 Ita
323 2573 459 2636 solutus
481 2573 657 2637 coactionis
681 2577 733 2638 eat
755 2573 878 2637 acidae.
1126 2565 1130 2570 ’

289 2679 417 2744 Aeetae
461 2678 645 2764 plumbicua
687 2679 869 2745 calefactus
912 2679 1054 2765 primum
1090 2701 1209 2764 aquom
1245 2678 1379 2756 amittit,

242 2789 320 2848 tum
366 2785 499 2849 acidum
539 2786 702 2851 aceticum
743 2787 900 2850 emittens
935 2785 1106 2870 liquescit3
1141 2790 1240 2849 aucto
1273 2784 1382 2848 calore

240 2891 435 2978 dioxydum
470 2892 682 2958 carbonicum
716 2898 751 2958 et
784 2899 959 2958 acetonum
994 2894 1151 2957 emittens
1174 2892 1380 2968 dissolvitur,

243 2999 392 3084 denique
435 2999 538 3085 oxydi
579 3000 737 3086 plumbici
779 3001 922 3066 cinerem
962 3000 1191 3065 aurantiacnm
1225 2999 1383 3085 relinquit

243 3104 387 3189 plumbo
410 3106 578 3172 metallico
602 3108 731 3172 minuto
754 3108 907 3172 mixtum.

292 3213 418 3276 Acetaa
452 3212 638 3298 plumbicus
672 3215 708 3277 in
738 3235 825 3298 aqua
853 3215 886 3298 (1
906 3240 939 3273 .-.
959 3216 1015 3297 20)
1039 3214 1168 3278 solutus
1192 3213 1300 3277 clarus
1324 3219 1383 3277 aut

245 3318 370 3382 leviter
392 3319 548 3384 turbidus
568 3325 637 3405 eat3
650 3319 765 3385 addito
777 3320 983 3385 bichromate
995 3321 1114 3398 kalico,
1128 3320 1382 3406 praecipitatum

244 3423 375 3488 flavum
409 3425 558 3512 deponit,
593 3427 682 3510 quod
712 3428 748 3491 in
778 3426 945 3493 solutione
968 3428 1121 3512 hydrntie
1144 3426 1264 3492 notrici
1287 3426 1384 3490 focile

246 3531 405 3608 solvitur,
427 3531 545 3598 addito
568 3533 663 3598 acido
686 3534 857 3613 sulfirricO,
882 3535 1011 3600 acidum
1035 3535 1197 3598 aceticum
1215 3533 1381 3610 emittens,

245 3637 507 3722 praecipitatum
540 3639 653 3704 album
682 3640 829 3727 deponit,
861 3641 950 3726 quod
980 3642 1016 3705 in
1047 3641 1213 3706 solutione
1244 3639 1383 3704 acetatis

247 3743 429 3808 ammonici
451 3744 553 3810 facilc
575 3746 727 3812 solvitur.

295 3850 446 3916 Acetatia
487 3851 647 3936 plumbici
689 3859 874 3940 grammata
916 3857 935 3918 5
969 3855 1005 3918 in
1039 3875 1144 3940 aquae
1177 3851 1383 3919 centimetris

247 3955 381 4018 cubicis
416 3959 455 4021 15
491 3958 614 4034 solnta,
637 3958 760 4025 additia
783 3959 869 4025 acidi
892 3961 1008 4026 ocetici
1031 3960 1236 4025 centimetris
1259 3957 1383 4023 cubicis

251 4063 283 4138 2,
311 4061 402 4124 clara
424 4063 503 4128 nint.

298 4169 422 4232 Aeetae
444 4167 635 4254 plumbicus
656 4170 690 4234 in
712 4194 798 4258 aqua
819 4175 853 4256 (1
873 4199 905 4234 =
923 4175 980 4259 20)
1002 4174 1142 4251 solutus,
1154 4171 1269 4237 addito
1281 4170 1384 4235 ferro-
