3466 5038
1341 451 1381 498 111

351 647 387 690 v.
401 625 436 690 d.
454 625 519 692 GU.
537 625 672 703 Nonas,
689 626 861 711 professor
872 626 1044 692 Leidensis
1056 627 1250 711 (Decretum
1262 629 1403 715 Regium

400 733 435 797 d.
458 733 491 798 d.
514 733 639 800 mensis
661 734 864 800 Novembris
887 735 969 799 XIX
992 743 1030 800 ai.
1056 733 1225 820 ΜΟΜΙΙ);

353 861 388 904 v.
401 840 435 904 d.
450 841 485 904 P.
497 842 537 906 A.
551 841 631 924 VOS,
645 841 902 927 pharmacopola
909 841 1202 908 Roterodamensis
1211 843 1403 926 (Decretum

402 947 544 1033 Regium
567 948 599 1014 d.
623 950 655 1013 d.
680 949 741 1013 XV
765 950 888 1015 mensis
910 947 1047 1013 Ianuari
1069 947 1107 1013 ai.
1132 948 1323 1036 Meum„

354 1076 388 1118 v.
414 1055 447 1118 d.
473 1055 516 1120 Η.
541 1056 754 1140 ΖΕΕΗΗΙΒΕΝ,
775 1056 1403 1122 medicusmiiitarisclassis1⁸⁸Ultra-

400 1163 543 1228 iectinus
566 1163 761 1247 (Decretum
784 1163 925 1249 Regium
948 1163 980 1230 d.
1005 1164 1036 1228 d.
1058 1163 1119 1227 XV
1131 1165 1255 1229 mensis
1267 1165 1403 1230 Ianuari

402 1269 442 1334 ai.
466 1269 647 1354 MCMIH).

309 1375 441 1441 Eodem
463 1376 598 1442 decreto
622 1377 727 1463 Regio
750 1400 782 1442 v.
795 1377 827 1442 d.
853 1379 897 1442 H.
923 1377 1072 1442 Wasans
1096 1379 1265 1464 Burrnur,
1279 1379 1401 1458 socius,

261 1504 404 1568 praeses
426 1484 608 1549 Xvirorum
630 1483 742 1549 factus
765 1489 826 1550 est.

314 1590 367 1654 Hi
385 1612 516 1678 quoque
539 1591 604 1656 viri
626 1613 748 1656 munus
770 1592 1013 1657 sustinuerunt.

312 1719 345 1761 v.
369 1697 402 1765 d.
427 1699 472 1766 M.
487 1698 683 1776 Gausuoss,
698 1698 887 1784 praefectus
900 1699 1007 1764 Musei
1020 1721 1143 1783 eorum,
1157 1721 1242 1785 quae
1253 1701 1403 1765 coloniae

259 1803 393 1883 ierunt,
417 1805 645 1871 Harlemensis
668 1806 789 1888 dictus,
812 1812 900 1872 etv.
925 1806 957 1871 d.
972 1808 1016 1871 H.
1030 1808 1241 1884 Zuuuumuu,
1254 1807 1402 1872 medicus

261 1912 423 1978 militaris
444 1913 596 1999 dirigens
618 1914 735 1979 classis
760 1915 806 1978 3²⁸
830 1913 949 1992 dictus,
974 1919 1008 1978 et
1023 1936 1056 1978 v.
1070 1915 1101 1978 d.
1116 1914 1152 1979 L.
1166 1915 1400 1992 vnnlrnuulu,

264 2019 388 2085 doctor
421 2019 562 2085 Scholae
591 2021 812 2086 veterinariae
842 2021 993 2107 publicae
1016 2021 1258 2086 Ultraiectinae
1281 2021 1400 2098 dictus,

266 2147 471 2213 quamquam
501 2127 544 2190 ad
571 2127 638 2191 alia
660 2149 798 2192 munera
821 2126 932 2192 vocati
955 2133 1043 2206 sunt,
1068 2127 1150 2192 socii
1172 2129 1289 2204 nostri,
1313 2149 1346 2192 v.
1370 2127 1402 2191 d.

267 2249 342 2298 vsu
362 2234 506 2299 Imma
529 2235 629 2299 simul
651 2235 803 2312 ab-actis,
829 2256 900 2300 esse
923 2256 991 2299 non
1014 2235 1226 2300 destitemnt.

49 2461 103 2511 uas
119 2462 240 2516 midam
318 2449 347 2512 2.
393 2448 435 2512 In
468 2449 576 2536 primo
610 2453 778 2514 conventu
808 2453 933 2526 nostro,
958 2448 1015 2534 qui
1038 2449 1092 2513 die
1117 2447 1163 2512 VI
1187 2449 1310 2514 mensis
1333 2450 1402 2514 Mai

50 2552 239 2612 aaronem
269 2561 310 2619 ai.
333 2553 539 2623 MDOOOIO
573 2556 709 2620 habitus
735 2561 796 2633 est,
820 2555 961 2620 multum
985 2555 1193 2641 disputatum
1217 2561 1268 2620 est
1289 2561 1403 2621 uuum

83 2638 196 2694 editioris

91 2727 187 2780 Μ’..
270 2661 387 2726 statim
416 2661 458 2726 de
481 2664 768 2748 Pharmacopoeae
791 2661 1055 2727 Nederlandicae
1078 2663 1225 2728 editione
1248 2683 1336 2727 nova
1359 2663 1402 2727 ad

272 2767 433 2854 Reginam
466 2769 591 2834 referre
621 2791 665 2834 an
699 2769 880 2834 editionem
913 2769 1047 2834 tertiam
1082 2774 1161 2834 ante
1191 2769 1345 2854 supplere
1368 2776 1403 2834 et

270 2875 435 2962 corrigere
457 2877 564 2962 magis
586 2899 605 2941 e
628 2898 664 2941 re
686 2881 785 2942 esset.

316 2981 393 3046 Rati
415 2982 513 3048 nobis
534 3004 649 3049 curam
671 2983 864 3048 mandatam
886 3004 960 3048 esse
982 2988 1021 3047 ut
1042 2983 1078 3047 in
1091 2987 1403 3068 posterumquoque

272 3088 538 3174 Pharmaoopoea
549 3089 794 3155 Nederlandica
806 3089 975 3154 hodiernis
986 3089 1109 3154 litteris
1117 3095 1151 3154 et
1159 3089 1235 3154 usui
1243 3089 1403 3153 hodierno

270 3197 457 3274 conveniat,
480 3197 593 3284 itaque
615 3203 766 3262 nostrum
782 3197 930 3262 laborem
941 3196 1196 3260 fundamentum
1208 3197 1319 3280 operis
1331 3217 1403 3260 esse

270 3308 432 3388 oportere,
468 3305 703 3370 constituimus
733 3304 891 3369 continuo
922 3324 1005 3388 opus
1028 3302 1170 3368 condere
1193 3324 1277 3388 quae
1302 3303 1404 3367 Phar-

271 3429 468 3495 macopoeae
509 3410 770 3476 Nederlandicae
812 3410 915 3475 editio
953 3415 1072 3495 quarta
1106 3409 1204 3474 foret.
1240 3409 1290 3474 Ut
1323 3431 1404 3474 vero

272 3535 482 3581 nosceremus
516 3522 629 3582 utrum
659 3537 743 3602 opus
773 3522 861 3582 esset
884 3516 1117 3601 supplemento
1140 3515 1183 3580 ad
1206 3521 1337 3600 tempus
1360 3537 1404 3579 an

272 3627 402 3686 mutata
437 3623 715 3710 Pharmacopoea,
749 3623 950 3689 Societatem
985 3623 1027 3687 ad
1058 3621 1274 3687 excolendam
1297 3626 1404 3686 artem

272 3729 470 3794 medicinam
490 3735 523 3796 et
546 3731 747 3796 Societatem
770 3731 814 3795 ad
837 3730 1051 3796 excolendam
1074 3734 1179 3794 artem
1192 3730 1405 3815 pharmaceu-

273 3835 372 3900 ticam
395 3836 569 3902 consulere
591 3839 780 3904 statuimus.
804 3837 953 3918 Quarum
977 3837 1173 3902 societatum
1197 3859 1214 3901 e
1236 3837 1406 3919 responsis

273 3962 347 4007 cum
369 3947 548 4029 appareret
570 3965 626 4009 eas
649 3945 925 4030 Supplementum
947 3943 1104 4009 editionis
1129 3945 1176 4008 3Ιιθ
1192 3942 1405 4006 nihilourare

276 4053 310 4112 et
333 4049 618 4134 Pharmacopoeae
639 4051 820 4116 editionem
842 4072 978 4137 prorsus
1000 4071 1121 4115 novam
1144 4049 1322 4136 praeferre,
1339 4049 1407 4111 tale

279 4152 554 4240 Supplementum
576 4156 711 4221 missum
734 4155 843 4222 facere
866 4157 1082 4222 decrevimus.
