3466 5038
887 545 928 606 10

341 742 483 803 metrum
517 737 669 803 cubicum
695 739 711 802 1
736 737 915 804 commixto
937 759 979 801 ne
1001 737 1235 803 decolorentur
1256 738 1345 804 intro
1369 740 1468 804 horos

341 851 469 930 portem
492 849 631 909 sextum.

385 950 482 1015 Aoidi
501 951 617 1015 noetioi
637 950 842 1016 concentroti
856 951 1052 1034 grammatis
1067 953 1107 1015 10
1119 973 1207 1036 oque
1218 951 1262 1016 od
1273 951 1469 1017 centimetro

342 1058 458 1123 oubioo
490 1059 554 1122 100
583 1056 709 1133 dilutis,
741 1057 879 1141 liquoris
909 1057 958 1121 ito
989 1056 1098 1141 parati
1128 1057 1325 1122 centimetro
1354 1058 1470 1123 oubiou

345 1169 385 1229 10
416 1169 454 1230 ut
485 1164 637 1228 neutrius
667 1164 846 1228 reuotionis
870 1164 948 1241 sint,
973 1163 1071 1228 ulosli
1092 1164 1251 1229 normalis
1275 1165 1471 1231 centimetru

340 1272 455 1336 cubica
478 1293 545 1336 non
570 1270 680 1335 minus
704 1292 802 1355 quom
828 1273 901 1347 16,2
924 1271 1106 1356 requirant,
1121 1271 1210 1356 quod
1221 1272 1379 1338 convenit
1394 1293 1469 1337 oum

340 1379 425 1444 scidi
450 1377 601 1463 portibus
625 1377 814 1442 centesimis
837 1399 905 1441 non
928 1378 1039 1442 minus
1063 1399 1162 1464 quom
1187 1379 1273 1456 9⁷3.

513 1806 723 1901 liuidum
763 1807 1024 1900 aretinum
1063 1807 1295 1902 titutum.

828 1989 990 2058 Aootnm.

385 2131 508 2216 Liquor
531 2136 689 2196 constans
713 2129 932 2216 GH3.COOH
955 2133 1106 2218 pertibus
1130 2135 1149 2198 6
1173 2136 1207 2197 et
1230 2153 1334 2219 aquus
1358 2135 1411 2197 94.

385 2293 487 2357 Misos

436 2404 528 2456 netur
547 2404 662 2456 noetio!
690 2405 826 2475 partes
856 2399 1008 2474 viginti
1016 2442 1385 2460 ..........
1433 2399 1471 2457 20

437 2505 548 2567 Aquae
582 2496 1000 2573 portibusootogintu
1018 2539 1385 2557 ..........
1432 2497 1471 2554 80

384 2595 508 2680 Liquor
530 2593 650 2659 coloris
674 2614 802 2678 expers,
827 2593 946 2669 clarus,
969 2593 1099 2658 ooidum
1123 2595 1283 2660 aestiuum
1303 2594 1468 2670 redolens,

340 2702 437 2786 plane
471 2701 627 2779 volatilis,
664 2701 731 2786 qui,
767 2722 835 2765 non
869 2699 1005 2776 dilutus,
1028 2699 1134 2772 isdem
1158 2700 1287 2785 legibus
1312 2701 1468 2786 puritatis

341 2807 538 2885 satisfaciet,
563 2807 685 2893 quibus
709 2807 850 2872 Aoidum
873 2805 1044 2870 aestiuum.

384 2914 480 2980 ncidi
515 2915 631 2979 noetioi
666 2914 765 2979 diluti
800 2913 997 2978 centimetra
1030 2913 1146 2978 cubico
1178 2917 1219 2976 10
1250 2917 1288 2977 ut
1317 2913 1469 2978 neutrius

339 3019 517 3085 rsootionis
529 3019 608 3096 sint,
618 3019 714 3083 siculi
726 3017 887 3083 normulis
898 3019 1095 3083 centimetru
1104 3017 1221 3084 cubico
1235 3021 1276 3084 10
1288 3020 1469 3106 requirent.

589 3404 798 3499 usinum
838 3403 1224 3498 arsenioosum.

846 3580 965 3667 Asos.

386 3725 507 3790 Frusts
545 3724 630 3800 albu,
677 3725 893 3808 porcellum,
937 3742 1176 3806 nonnunquam
1210 3719 1327 3786 nuoloo
1362 3718 1471 3783 vitreo

341 3831 500 3916 praedite,
536 3832 589 3896 vel
623 3830 733 3914 pulvis
756 3851 798 3893 ex
819 3829 862 3893 iis
886 3833 1033 3914 perotus.
1080 3828 1222 3892 Aridum
1245 3825 1470 3891 orsenioosum

339 3960 426 4024 equo
449 3959 515 4002 non
540 3937 638 4002 facile
662 3937 806 4015 modetit,
830 3943 867 4002 st
888 3937 924 4001 in
948 3957 1054 4021 oquae
1077 3934 1229 4020 portibus
1253 3934 1305 4010 70,
1319 3930 1471 4017 quumvis

341 4044 445 4122 turdo,
470 4050 579 4110 totum
603 4044 755 4109 solvitur.

386 4151 527 4215 Aridum
563 4152 787 4216 orsenioosum
821 4153 855 4214 in
890 4150 972 4215 tubo
1006 4149 1094 4214 sicci)
1128 4147 1326 4214 calefactum
1360 4148 1470 4210 totum

342 4256 478 4322 volatile
501 4259 539 4321 fit
557 4263 591 4321 st
613 4257 827 4322 sublimatum
850 4254 1470 4340 albumpmebetoetaedrisconsuns.
