3544 5050
886 508 953 570 458

399 701 492 778 Quae
534 700 575 764 «le
610 701 789 764 Tincturae
823 701 1045 786 Strophanthi
1078 701 1273 764 centimetro
1307 699 1423 764 cubico
1457 705 1486 776 l,

353 818 534 894 evaporata
556 807 635 871 dum
659 809 746 872 sicca
769 809 823 884 sit,
847 822 1056 894 superenmt,
1079 807 1203 871 additis
1225 806 1311 872 acidi
1333 805 1487 872 sulfurici

352 915 460 999 guttis
486 918 536 991 10,
560 916 704 980 calorem
727 915 868 979 viridem
890 916 1037 979 nebant.

349 1039 463 1099 Dasea
484 1043 664 1102 maximae
685 1042 846 1117 singulae
868 1041 1201 1118 mmigrammatum
1221 1039 1291 1102 5⁰⁰.

348 1138 463 1198 Dasea
484 1142 664 1200 maximae
679 1142 716 1200 in
728 1141 834 1200 horas
844 1143 989 1200 vicenas
1000 1141 1443 1214 quaternusgrammatam
1454 1137 1484 1199 2.

584 1576 837 1669 Tinctum
869 1574 1124 1696 Stryctai.
1159 1574 1243 1667 ΕΙ.

719 1752 895 1837 sustam
928 1755 1114 1822 ⁸lliicturs.

396 1895 548 1960 Parsada
570 1919 589 1961 e

448 2010 578 2060 Semina
598 2009 753 2073 strychni
783 2006 823 2060 in
850 2004 1051 2080 pulverem
1072 2003 1151 2080 (13³0)
1173 2001 1337 2059 redacto
1357 2007 1392 2057 et
1414 2019 1485 2077 per

487 2101 653 2160 aethera
674 2102 847 2179 petralei
868 2102 1110 2179 pinguedine
1131 2101 1307 2158 liberato

348 2222 415 2285 qua
438 2199 538 2264 modo
562 2201 741 2264 Tincturae
764 2200 899 2264 Aconiti
920 2199 1162 2287 praescriptum
1185 2203 1246 2262 est,

393 2307 493 2371 llodo
517 2307 606 2370 infra
628 2307 785 2384 indicata,
809 2313 970 2392 quantum
982 2305 1237 2371 alcaloideorum
1250 2304 1394 2367 tinctura
1405 2323 1481 2366 con·

348 2415 462 2490 tineat‚
486 2421 596 2478 statue
627 2421 670 2491 et,
694 2414 723 2478 si
746 2436 830 2500 opus
853 2415 926 2492 erit,
951 2414 1089 2500 spiritus
1110 2412 1207 2476 diluti
1231 2409 1316 2475 adde
1338 2415 1479 2487 tantum,

345 2527 383 2584 ut
407 2519 662 2585 alcaloideorum
686 2521 766 2586 insit
789 2522 895 2606 partis
918 2520 1116 2585 centesimae
1139 2541 1217 2605 pars
1232 2518 1479 2603 quarta(0‚25).

392 2627 516 2712 Liquor
539 2627 656 2703 flavus,
680 2649 883 2713 peramarus.

391 2734 570 2798 Tincturae
605 2734 766 2818 Strychni
800 2741 917 2819 guttae
954 2737 1194 2810 launacum
1217 2731 1303 2797 acidi
1326 2727 1479 2795 sulfurici

345 2841 443 2904 diluti
474 2842 671 2906 centimetro
701 2841 817 2906 cubico
844 2845 859 2903 1
884 2841 920 2904 in
945 2842 1063 2906 balneo
1085 2861 1190 2926 aquae
1212 2836 1400 2916 calefactae,
1424 2857 1479 2901 co·

346 2947 450 3012 loram
473 2949 611 3012 trahant
633 2947 828 3012 violaceum.

390 3053 657 3118 Alcaloideoram
690 3061 853 3138 quantum
886 3055 922 3117 in
945 3055 1092 3119 tinctura
1116 3052 1205 3130 insit,
1230 3053 1278 3117 ita
1301 3050 1476 3117 statuitur:

345 3161 524 3226 Tincturae
547 3160 707 3245 Strychni
730 3167 916 3245 ³‹gramuiata
942 3165 982 3226 10
996 3182 1142 3246 evapora
1157 3160 1237 3224 dum
1248 3177 1478 3245 paueasuper-

345 3267 428 3346 sint;
454 3289 547 3352 quae,
561 3288 666 3353 aquae
685 3289 789 3352 parva
800 3269 988 3352 quantitate
999 3269 1116 3348 diluta,
1131 3267 1291 3332 immittes
1302 3265 1338 3329 in
1350 3265 1479 3330 chloro-

345 3373 445 3437 lormi
468 3373 663 3438 centimetra
684 3374 800 3438 cubica
824 3379 876 3453 30,
901 3371 1478 3441 antecumammoniaecentimetris

344 3479 469 3543 cubicis
501 3483 520 3542 5
544 3485 773 3564 conquassata.
799 3481 1003 3566 Frequenter
1025 3490 1060 3547 et
1082 3481 1217 3548 fortiter
1239 3499 1423 3565 conquassa
1443 3483 1478 3543 et

345 3589 422 3670 post
453 3585 552 3648 boras
583 3588 613 3662 3,
645 3607 725 3651 cura
751 3587 867 3653 habita
889 3595 928 3654 ut
950 3613 1050 3675 quam
1073 3589 1245 3653 minimum
1268 3589 1476 3672 evaporatur,

345 3713 404 3775 per
426 3692 550 3755 filtrum
573 3691 697 3756 siccum
720 3692 817 3758 filtra.
843 3695 893 3758 De
916 3695 1115 3761 filtratorum
1138 3694 1342 3760 centimetris
1353 3691 1478 3757 cubicis

346 3799 388 3860 24
410 3800 464 3881 (:
477 3797 655 3862 'lbncturae
668 3799 828 3884 Strychni
839 3804 1034 3886 grammatic
1047 3805 1082 3887 8)
1094 3802 1353 3868 chloroformum
1364 3797 1477 3864 destil-

343 3903 468 3966 latione
490 3925 624 3968 remove
647 3910 680 3970 et
692 3906 743 3982 iis,
755 3929 840 3991 quae
853 3915 1060 3994 supererunt,
1074 3911 1109 3973 ia
1122 3909 1260 3995 spiritus
1271 3905 1477 3972 centimetris

343 4007 468 4072 cubicis
489 4011 507 4072 2
527 4010 645 4075 solutis
664 4013 750 4076 acidi
762 4012 1362 4099 hydrochloricicentinormalisadde
1374 4011 1477 4077 centi-

344 4119 449 4178 metra
469 4114 584 4181 cubica
599 4119 650 4182 10.
676 4119 883 4186 Solutionem
907 4122 1165 4187 alcaloideorum
1177 4121 1304 4187 acidam
1316 4121 1405 4184 filtra
1417 4141 1476 4204 per

344 4221 467 4286 filtrum
503 4245 590 4309 aqua
625 4225 848 4293 madefactum
883 4235 916 4294 et
951 4251 1056 4315 aquae
1090 4227 1334 4314 quantitatibus
1361 4225 1475 4313 parvis
