3582 5034
882 547 948 609 353

397 842 688 965 salicylas
723 849 981 942 nutriens
1014 875 1127 942 eum
1162 847 1429 944 Gotfeino.

390 1072 531 1140 Coffeini
554 1081 588 1140 et
611 1077 802 1162 Sulicylntis
824 1079 945 1143 nutrici
967 1077 1107 1144 totidem
1132 1085 1244 1164 partes
1266 1081 1400 1145 mixtae.

390 1235 489 1300 Solve
511 1236 578 1301 leni
602 1238 710 1303 calore

440 1351 624 1413 salioylatis
649 1352 768 1403 nutrici
771 1392 1379 1407 ................
1460 1350 1472 1406 l

344 1445 377 1504 et

439 1555 573 1608 concini
594 1561 728 1630 partes
749 1553 929 1628 singulas
932 1597 1376 1612 ............
1457 1553 1470 1610 l

339 1645 375 1708 in

438 1763 547 1824 Aquae
569 1757 753 1834 partibus
774 1758 906 1816 tribus
927 1801 1376 1817 ...........
1453 1757 1471 1813 3

383 1867 419 1932 Si
450 1892 534 1956 opus
561 1873 624 1938 erit
659 1873 747 1938 filtra
780 1879 815 1939 et
849 1874 975 1938 filtrnte
995 1874 1032 1937 in
1055 1873 1173 1937 balneo
1197 1893 1302 1957 aquae
1325 1893 1469 1958 evapore
1561 1967 1566 1976 .

338 1974 417 2038 dum
440 1978 610 2061 supersint

435 2091 570 2159 partes
598 2086 695 2146 duae
722 2131 1372 2146 .................
1451 2085 1468 2142 2

336 2199 419 2264 quas
442 2185 585 2246 contere.

380 2303 495 2370 Pulvis
528 2306 634 2385 albus,
670 2311 800 2394 saporis
834 2309 1040 2376 subdulciter
1073 2309 1161 2386 salsi,
1197 2308 1316 2373 deinde
1350 2307 1464 2384 amari,

334 2410 446 2476 odoris
469 2434 597 2499 expers,
620 2416 678 2500 qui
702 2415 883 2502 prudenter
905 2415 1087 2481 calefactus
1106 2416 1322 2482 sublimatum
1340 2415 1463 2492 elbum,

333 2519 564 2601 crystallinum
587 2522 733 2606 praebet.
758 2523 893 2588 Additis
912 2544 1018 2609 equae
1038 2522 1190 2608 pertibus
1220 2524 1238 2586 2
1259 2522 1312 2586 vel
1324 2521 1463 2607 spiritus

334 2623 485 2708 pertibus
500 2628 551 2703 23,
564 2627 675 2712 pulvis
687 2629 849 2714 liquorem
861 2629 999 2715 praebet
1007 2629 1128 2695 coloris
1136 2633 1316 2715 expertem,
1326 2629 1461 2704 elerum,

331 2731 483 2797 neutrius
506 2735 695 2800 reaetionis.

375 2836 433 2901 Sul
468 2845 604 2922 paratus
639 2864 657 2907 e
693 2843 828 2928 pulvere
863 2865 923 2928 per
955 2842 1216 2908 chloroformum
1250 2843 1347 2928 plane
1370 2841 1462 2906 eluto

332 2941 519 3010 satisfaciat
559 2947 666 3013 isdem
701 2950 881 3034 postulatis
916 2955 950 3015 et
984 2951 1142 3034 pun'tntis
1175 2949 1315 3034 legibus,
1340 2949 1461 3034 quibus

332 3047 495 3134 Sulicylas
518 3055 675 3120 nutriens.

376 3155 525 3222 Pulveris
570 3161 839 3246 milligrnmmetu
873 3166 937 3228 200
973 3165 1001 3228 si
1035 3186 1102 3228 uns
1136 3185 1211 3228 cum
1245 3161 1461 3228 chloroformi

330 3263 534 3330 centimetris
557 3267 681 3333 cubicis
706 3272 747 3334 20
770 3292 830 3356 per
846 3272 948 3335 horae
959 3275 1089 3355 partem
1100 3268 1329 3333 duodecimum
1341 3268 1461 3332 caloris

330 3367 437 3454 gradu
468 3373 526 3436 50ο
546 3379 686 3452 retente,
707 3376 764 3440 ubi
784 3376 977 3441 refrixerint
992 3375 1217 3442 chloroformo
1239 3375 1282 3439 ed
1306 3375 1460 3438 volumen

330 3475 422 3558 prius
457 3479 618 3564 supplete,
653 3481 790 3568 liquoris
823 3484 873 3547 ite
908 3485 1016 3569 parati
1051 3484 1248 3548 centimetra
1277 3481 1393 3546 subice
1419 3484 1460 3545 10

330 3589 512 3666 evaporata
544 3591 653 3664 erunt,
689 3589 819 3673 pondus
854 3613 977 3668 eorum,
998 3613 1083 3676 quse
1106 3593 1314 3674 supererunt,
1339 3587 1458 3652 caloris

329 3689 436 3771 gredu
462 3692 542 3754 100ο
563 3692 770 3772 siccatorum,
795 3718 864 3761 non
886 3697 996 3762 minus
1019 3697 1065 3762 sit
1086 3718 1185 3782 quem
1209 3695 1458 3780 milligrumme-

328 3799 400 3858 tum
434 3798 494 3875 45;
531 3798 645 3864 eadem
680 3800 889 3868 satisfacient
912 3804 1018 3869 isdem
1043 3804 1220 3890 postulatis
1243 3808 1278 3866 et
1300 3802 1457 3886 puritatis

326 3900 465 3984 legibus,
489 3903 610 3988 quibus
634 3905 831 3974 Cofl'einum.
