3544 5050
848 525 914 588 438

312 726 498 808 grammata
522 723 541 784 3
564 720 607 784 ad
632 723 651 784 5
674 721 710 783 in
734 719 851 784 balneo
875 740 980 804 equae
1003 716 1216 803 evaporando
1240 721 1273 780 et
1289 738 1336 793 ea,
1360 737 1445 801 quae

311 836 518 916 supererunt,
543 850 603 914 per
626 829 742 892 horam
768 831 783 890 1
810 825 929 890 caloris
952 825 1060 912 gradu
1085 826 1164 888 1000
1186 823 1351 888 siccando.

357 936 596 1000 Tincturae
625 935 669 999 in
702 933 876 1020 lagenis
900 933 1006 997 bene
1029 931 1197 997 clausis
1227 932 1364 996 aluos
1386 953 1445 995 re-

313 1049 452 1109 motae
482 1043 577 1108 loeo
609 1040 779 1128 frigido
810 1045 1054 1108 serventur.

780 1239 981 1247 ..—-———--.-.-

254 1385 258 1395 '
321 1389 371 1486 -Ι-
405 1393 633 1486 Tinctum
671 1389 884 1484 Aestatis
916 1389 1082 1483 ferrici
1116 1389 1358 1483 aetherea.

539 1568 681 1636 Salutio
704 1567 863 1635 Aestatis
886 1567 1015 1634 ferrici
1037 1567 1217 1635 aetheros.

361 1713 464 1776 Misce

413 1824 764 1888 Ammoniaeliqutdss
787 1825 922 1895 partes
943 1817 1241 1894 quadraginta.
1274 1863 1282 1876 .
1314 1863 1321 1878 .
1354 1863 1361 1876 .
1409 1817 1448 1875 40

413 1927 524 1987 Aquas
546 1917 731 1994 partibus
758 1917 1008 1993 octingentis
1036 1961 1363 1976 .........
1391 1915 1450 1973 800

362 2016 426 2081 His
449 2037 677 2101 conquassans
701 2015 786 2080 adde
808 2015 932 2080 mixtas

415 2129 592 2180 solutionis
611 2128 753 2179 Chlorstt
773 2129 882 2180 ferrici
902 2129 1037 2198 partes
1059 2122 1210 2197 viginti
1231 2141 1323 2180 sex.
1357 2166 1364 2180 .
1412 2119 1449 2178 26

319 2227 352 2286 et

415 2337 525 2397 squas
547 2335 681 2405 partes
703 2334 857 2386 eentum
878 2371 1365 2386 .............
1395 2325 1451 2382 100

361 2443 427 2508 Fae
450 2443 555 2508 mixta
578 2443 771 2522 subsidant3
795 2444 1060 2529 praecipitatum,
1074 2443 1194 2508 iterata
1206 2443 1447 2518 decantatione,

315 2552 351 2614 in
373 2572 521 2636 pannum
544 2550 685 2615 linteum
708 2551 883 2616 collectum
907 2551 1054 2615 tamdiu
1078 2571 1164 2635 aqua
1188 2551 1269 2626 elue,
1291 2553 1328 2613 ut
1340 2549 1451 2633 liquor

314 2656 463 2722 defluens
486 2656 601 2722 addito
624 2658 749 2722 nitrate
771 2657 942 2743 argentiue
965 2680 1034 2722 non
1056 2657 1198 2742 amplius
1217 2657 1382 2722 turbetur.

361 2763 619 2848 Praecipitatum
652 2762 788 2828 fortiter
823 2765 980 2850 exprime,
1017 2785 1160 2828 messem
1195 2784 1383 2848 expressam
1413 2763 1449 2826 in

317 2869 461 2935 frustula
479 2871 726 2949 comminutam,
753 2870 948 2956 frequenter
970 2892 1205 2956 conquassans,
1231 2871 1324 2936 solve
1347 2871 1381 2935 in

415 2983 507 3034 Aoidi
527 2984 641 3036 scotici
668 2979 854 3054 partibus
874 2977 1145 3054 quadraginta
1165 2976 1317 3035 duabus
1358 3022 1365 3036 .
1413 2977 1450 3034 42

363 3075 481 3140 Soluto
510 3075 617 3154 filtra3
652 3075 777 3141 filtrum
813 3081 909 3141 tanta
943 3075 1131 3162 quantitate
1166 3096 1271 3160 aquae
1305 3075 1378 3138 elue
1411 3079 1450 3139 ut

318 3181 484 3246 exsistant

415 3295 550 3364 partes
570 3291 779 3366 octoginta
795 3332 1366 3350 ...............
1413 3287 1452 3344 80

364 3385 428 3451 His
457 3387 628 3452 addetam
651 3389 749 3466 lente,
774 3395 812 3455 ut
835 3390 998 3475 liquorem
1021 3388 1165 3453 calefieri
1186 3409 1255 3452 non
1278 3385 1450 3472 percipias,

318 3493 515 3559 commixtas

416 3606 558 3669 Spiritus
579 3609 680 3679 partes
701 3602 858 3662 duodecim
878 3645 1367 3664 .............
1416 3599 1452 3656 12

319 3703 353 3763 et

416 3813 562 3863 Aestatis
582 3813 738 3876 asthytiot
763 3815 897 3885 partes
922 3816 1010 3867 oeto
1038 3850 1365 3867 .........
1433 3803 1452 3859 8

364 3921 489 4006 Liquor
511 3923 629 4000 clarus,
654 3922 880 4002 rubrofusous,
897 3929 1060 3989 aestatem
1073 3924 1275 4010 aethylioum
1286 3920 1450 3995 redolens,

319 4028 448 4112 saporis
460 4029 554 4106 acidi,
568 4030 819 4114 adstringentis.
837 4030 971 4096 Pondus
983 4032 1171 4116 speaifieum
1186 4027 1450 4108 1,049ad1‚053.

365 4134 525 4199 Tinctura
555 4137 704 4202 Aestatis
729 4137 840 4201 ferrici
863 4139 1017 4202 aetherea
1040 4137 1123 4203 ferri
1146 4137 1316 4201 contineat
1338 4137 1453 4219 partos

319 4241 517 4306 centesimas
551 4264 619 4306 non
654 4245 763 4308 minus
797 4265 897 4329 quam
932 4245 995 4322 3,7‚
1030 4245 1065 4308 id
1089 4243 1178 4330 quod
1201 4243 1250 4308 ita
1273 4239 1450 4307 statuitur:
