<?xml version="1.0" encoding="UTF-8"?>
<!DOCTYPE html PUBLIC "-//W3C//DTD XHTML 1.0 Transitional//EN"
    "http://www.w3.org/TR/xhtml1/DTD/xhtml1-transitional.dtd">
<html xmlns="http://www.w3.org/1999/xhtml" xml:lang="en" lang="en">
 <head>
  <title>
</title>
<meta http-equiv="Content-Type" content="text/html;charset=utf-8" />
  <meta name='ocr-system' content='tesseract 3.04.00' />
  <meta name='ocr-capabilities' content='ocr_page ocr_carea ocr_par ocr_line ocrx_word'/>
</head>
<body>
  <div class='ocr_page' id='page_1' title='image "./pharmocopoeaned00zakegoog_0049.png"; bbox 0 0 3466 5038; ppageno 0'>
   <div class='ocr_carea' id='block_1_1' title="bbox 908 487 949 547">
    <p class='ocr_par' dir='ltr' id='par_1_1' title="bbox 908 487 949 547">
     <span class='ocr_line' id='line_1_1' title="bbox 908 487 949 547; baseline -0.024 0"><span class='ocrx_word' id='word_1_1' title='bbox 908 487 949 547; x_wconf 87' lang='lat'><strong>18</strong></span> 
     </span>
    </p>
   </div>
   <div class='ocr_carea' id='block_1_2' title="bbox 361 678 1484 799">
    <p class='ocr_par' dir='ltr' id='par_1_2' title="bbox 361 678 1484 799">
     <span class='ocr_line' id='line_1_2' title="bbox 361 678 1484 799; baseline 0.001 -24"><span class='ocrx_word' id='word_1_2' title='bbox 361 678 1370 799; x_wconf 62' lang='grc'>11111111111111111111111111111111.</span> <span class='ocrx_word' id='word_1_3' title='bbox 1406 683 1484 777; x_wconf 71' lang='grc' dir='ltr'><strong>ΕΙ.</strong></span> 
     </span>
    </p>
   </div>
   <div class='ocr_carea' id='block_1_3' title="bbox 360 875 1488 1067">
    <p class='ocr_par' dir='ltr' id='par_1_3' title="bbox 360 875 1488 1067">
     <span class='ocr_line' id='line_1_3' title="bbox 405 875 1488 961; baseline 0.004 -22"><span class='ocrx_word' id='word_1_4' title='bbox 405 876 446 939; x_wconf 92' lang='lat' dir='ltr'><strong>In</strong></span> <span class='ocrx_word' id='word_1_5' title='bbox 470 876 583 960; x_wconf 81' lang='lat' dir='ltr'><strong>Aquae</strong></span> <span class='ocrx_word' id='word_1_6' title='bbox 606 875 829 940; x_wconf 90' lang='lat' dir='ltr'><strong>voluminibus</strong></span> <span class='ocrx_word' id='word_1_7' title='bbox 848 878 891 940; x_wconf 89' lang='lat'><strong>80</strong></span> <span class='ocrx_word' id='word_1_8' title='bbox 910 881 944 940; x_wconf 91' lang='grc'><strong>11</strong></span> <span class='ocrx_word' id='word_1_9' title='bbox 963 875 1110 961; x_wconf 78' lang='lat' dir='ltr'>Spiritus</span> <span class='ocrx_word' id='word_1_10' title='bbox 1124 879 1165 940; x_wconf 99' lang='grc'><strong>20</strong></span> <span class='ocrx_word' id='word_1_11' title='bbox 1177 877 1366 942; x_wconf 78' lang='lat' dir='ltr'><strong>commixtis</strong></span> <span class='ocrx_word' id='word_1_12' title='bbox 1391 876 1488 943; x_wconf 88' lang='lat' dir='ltr'><strong>HON</strong></span> 
     </span>
     <span class='ocr_line' id='line_1_4' title="bbox 360 982 900 1067; baseline -0.002 -20"><span class='ocrx_word' id='word_1_13' title='bbox 360 987 472 1067; x_wconf 83' lang='lat' dir='ltr'><strong>partes</strong></span> <span class='ocrx_word' id='word_1_14' title='bbox 495 982 694 1047; x_wconf 77' lang='lat' dir='ltr'><strong>centesimae</strong></span> <span class='ocrx_word' id='word_1_15' title='bbox 719 984 737 1044; x_wconf 92' lang='grc'>2</span> <span class='ocrx_word' id='word_1_16' title='bbox 761 982 900 1047; x_wconf 87' lang='lat' dir='ltr'><strong>solutae.</strong></span> 
     </span>
    </p>
   </div>
   <div class='ocr_carea' id='block_1_4' title="bbox 357 1125 1531 3455">
    <p class='ocr_par' dir='ltr' id='par_1_4' title="bbox 360 1125 1488 1416">
     <span class='ocr_line' id='line_1_5' title="bbox 404 1125 1488 1211; baseline 0.002 -22"><span class='ocrx_word' id='word_1_17' title='bbox 404 1126 529 1210; x_wconf 88' lang='lat' dir='ltr'><strong>Liquor</strong></span> <span class='ocrx_word' id='word_1_18' title='bbox 561 1125 682 1190; x_wconf 87' lang='lat' dir='ltr'><strong>coloris</strong></span> <span class='ocrx_word' id='word_1_19' title='bbox 717 1147 844 1210; x_wconf 81' lang='lat' dir='ltr'><strong>expers,</strong></span> <span class='ocrx_word' id='word_1_20' title='bbox 880 1125 999 1202; x_wconf 83' lang='lat' dir='ltr'><strong>clarus,</strong></span> <span class='ocrx_word' id='word_1_21' title='bbox 1033 1125 1164 1190; x_wconf 87' lang='lat' dir='ltr'><strong>acidum</strong></span> <span class='ocrx_word' id='word_1_22' title='bbox 1204 1125 1488 1211; x_wconf 86' lang='lat' dir='ltr'><strong>hydrocyanicum</strong></span> 
     </span>
     <span class='ocr_line' id='line_1_6' title="bbox 360 1231 1488 1318; baseline 0.004 -23"><span class='ocrx_word' id='word_1_23' title='bbox 360 1231 522 1309; x_wconf 84' lang='lat' dir='ltr'><strong>redolens,</strong></span> <span class='ocrx_word' id='word_1_24' title='bbox 543 1232 599 1317; x_wconf 91' lang='lat' dir='ltr'><strong>qui</strong></span> <span class='ocrx_word' id='word_1_25' title='bbox 618 1232 799 1297; x_wconf 84' lang='lat' dir='ltr'><strong>calefactus</strong></span> <span class='ocrx_word' id='word_1_26' title='bbox 815 1238 907 1298; x_wconf 86' lang='lat' dir='ltr'><strong>totus</strong></span> <span class='ocrx_word' id='word_1_27' title='bbox 920 1233 1066 1298; x_wconf 88' lang='lat' dir='ltr'><strong>volatilis</strong></span> <span class='ocrx_word' id='word_1_28' title='bbox 1078 1233 1126 1297; x_wconf 88' lang='lat' dir='ltr'><strong>fit.</strong></span> <span class='ocrx_word' id='word_1_29' title='bbox 1152 1233 1286 1298; x_wconf 88' lang='lat' dir='ltr'><strong>Pondus</strong></span> <span class='ocrx_word' id='word_1_30' title='bbox 1299 1234 1488 1318; x_wconf 86' lang='lat' dir='ltr'><strong>specifioum</strong></span> 
     </span>
     <span class='ocr_line' id='line_1_7' title="bbox 360 1339 657 1416; baseline 0.013 -14"><span class='ocrx_word' id='word_1_31' title='bbox 360 1340 458 1416; x_wconf 81' lang='lat'>0‚977</span> <span class='ocrx_word' id='word_1_32' title='bbox 483 1339 525 1402; x_wconf 93' lang='lat' dir='ltr'><strong>ad</strong></span> <span class='ocrx_word' id='word_1_33' title='bbox 548 1339 657 1416; x_wconf 82' lang='lat'>0‚978.</span> 
     </span>
    </p>

    <p class='ocr_par' dir='ltr' id='par_1_5' title="bbox 359 1446 1531 1958">
     <span class='ocr_line' id='line_1_8' title="bbox 405 1446 1488 1531; baseline 0 -19"><span class='ocrx_word' id='word_1_34' title='bbox 405 1446 502 1512; x_wconf 87' lang='lat' dir='ltr'><strong>Acidi</strong></span> <span class='ocrx_word' id='word_1_35' title='bbox 531 1446 770 1531; x_wconf 89' lang='lat' dir='ltr'><strong>hydrocyanici</strong></span> <span class='ocrx_word' id='word_1_36' title='bbox 800 1447 900 1511; x_wconf 89' lang='lat' dir='ltr'><strong>diluti</strong></span> <span class='ocrx_word' id='word_1_37' title='bbox 929 1451 1028 1531; x_wconf 85' lang='lat' dir='ltr'><strong>gutta</strong></span> <span class='ocrx_word' id='word_1_38' title='bbox 1060 1453 1077 1510; x_wconf 88' lang='lat'>1</span> <span class='ocrx_word' id='word_1_39' title='bbox 1110 1469 1177 1512; x_wconf 89' lang='lat' dir='ltr'><strong>una</strong></span> <span class='ocrx_word' id='word_1_40' title='bbox 1206 1467 1282 1511; x_wconf 90' lang='lat' dir='ltr'><strong>cum</strong></span> <span class='ocrx_word' id='word_1_41' title='bbox 1312 1447 1488 1512; x_wconf 75' lang='lat' dir='ltr'><strong>solutionis</strong></span> 
     </span>
     <span class='ocr_line' id='line_1_9' title="bbox 362 1553 1488 1637; baseline 0.002 -21"><span class='ocrx_word' id='word_1_42' title='bbox 362 1553 514 1637; x_wconf 88' lang='lat' dir='ltr'><strong>hydratis</strong></span> <span class='ocrx_word' id='word_1_43' title='bbox 538 1553 638 1618; x_wconf 87' lang='lat' dir='ltr'><strong>kalici</strong></span> <span class='ocrx_word' id='word_1_44' title='bbox 661 1554 858 1618; x_wconf 86' lang='lat' dir='ltr'><strong>centimetro</strong></span> <span class='ocrx_word' id='word_1_45' title='bbox 877 1554 993 1618; x_wconf 90' lang='lat' dir='ltr'><strong>cubico</strong></span> <span class='ocrx_word' id='word_1_46' title='bbox 1014 1559 1030 1618; x_wconf 95' lang='lat'>1</span> <span class='ocrx_word' id='word_1_47' title='bbox 1053 1560 1086 1619; x_wconf 88' lang='lat' dir='ltr'><strong>et</strong></span> <span class='ocrx_word' id='word_1_48' title='bbox 1105 1554 1239 1618; x_wconf 80' lang='lat' dir='ltr'><strong>salietis</strong></span> <span class='ocrx_word' id='word_1_49' title='bbox 1259 1554 1379 1618; x_wconf 84' lang='lat' dir='ltr'><strong>ferrosi</strong></span> <span class='ocrx_word' id='word_1_50' title='bbox 1391 1554 1488 1618; x_wconf 88' lang='lat' dir='ltr'><strong>milli-</strong></span> 
     </span>
     <span class='ocr_line' id='line_1_10' title="bbox 359 1661 1486 1746; baseline 0.002 -22"><span class='ocrx_word' id='word_1_51' title='bbox 359 1661 554 1744; x_wconf 77' lang='lat' dir='ltr'><strong>grammatis</strong></span> <span class='ocrx_word' id='word_1_52' title='bbox 579 1663 620 1724; x_wconf 93' lang='grc'><strong>10</strong></span> <span class='ocrx_word' id='word_1_53' title='bbox 643 1661 804 1725; x_wconf 84' lang='lat' dir='ltr'><strong>calefacta</strong></span> <span class='ocrx_word' id='word_1_54' title='bbox 827 1661 906 1724; x_wconf 91' lang='lat' dir='ltr'><strong>dum</strong></span> <span class='ocrx_word' id='word_1_55' title='bbox 930 1661 1101 1738; x_wconf 88' lang='lat' dir='ltr'><strong>ebulliant,</strong></span> <span class='ocrx_word' id='word_1_56' title='bbox 1125 1661 1234 1746; x_wconf 89' lang='lat' dir='ltr'><strong>liquor</strong></span> <span class='ocrx_word' id='word_1_57' title='bbox 1259 1661 1486 1745; x_wconf 83' lang='lat' dir='ltr'><strong>refrigeratus,</strong></span> 
     </span>
     <span class='ocr_line' id='line_1_11' title="bbox 360 1767 1531 1852; baseline 0.002 -22"><span class='ocrx_word' id='word_1_58' title='bbox 360 1767 446 1831; x_wconf 82' lang='lat' dir='ltr'><strong>acidi</strong></span> <span class='ocrx_word' id='word_1_59' title='bbox 469 1767 714 1852; x_wconf 88' lang='lat' dir='ltr'><strong>hydrochlorici</strong></span> <span class='ocrx_word' id='word_1_60' title='bbox 737 1769 932 1833; x_wconf 83' lang='lat' dir='ltr'><strong>centimetro</strong></span> <span class='ocrx_word' id='word_1_61' title='bbox 955 1768 1071 1832; x_wconf 91' lang='lat' dir='ltr'><strong>cubico</strong></span> <span class='ocrx_word' id='word_1_62' title='bbox 1090 1769 1255 1845; x_wconf 85' lang='lat' dir='ltr'><strong>lmixtus,</strong></span> <span class='ocrx_word' id='word_1_63' title='bbox 1269 1769 1438 1832; x_wconf 78' lang='lat' dir='ltr'><strong>caeruleus</strong></span> <span class='ocrx_word' id='word_1_64' title='bbox 1449 1769 1488 1832; x_wconf 88' lang='lat' dir='ltr'><strong>fit</strong></span> <span class='ocrx_word' id='word_1_65' title='bbox 1529 1795 1531 1798; x_wconf 94' lang='lat'>·</span> 
     </span>
     <span class='ocr_line' id='line_1_12' title="bbox 360 1873 1264 1958; baseline 0.001 -22"><span class='ocrx_word' id='word_1_66' title='bbox 360 1879 394 1938; x_wconf 88' lang='lat' dir='ltr'><strong>et</strong></span> <span class='ocrx_word' id='word_1_67' title='bbox 416 1873 511 1937; x_wconf 85' lang='lat' dir='ltr'><strong>brevi</strong></span> <span class='ocrx_word' id='word_1_68' title='bbox 533 1878 610 1957; x_wconf 86' lang='lat' dir='ltr'><strong>post</strong></span> <span class='ocrx_word' id='word_1_69' title='bbox 634 1874 889 1958; x_wconf 86' lang='lat' dir='ltr'><strong>praecipitatum</strong></span> <span class='ocrx_word' id='word_1_70' title='bbox 911 1875 1098 1938; x_wconf 86' lang='lat' dir='ltr'><strong>caeruleum</strong></span> <span class='ocrx_word' id='word_1_71' title='bbox 1122 1873 1264 1938; x_wconf 82' lang='lat' dir='ltr'><strong>exsistit.</strong></span> 
     </span>
    </p>

    <p class='ocr_par' dir='ltr' id='par_1_6' title="bbox 360 1979 1488 2278">
     <span class='ocr_line' id='line_1_13' title="bbox 404 1979 1488 2066; baseline -0.001 -21"><span class='ocrx_word' id='word_1_72' title='bbox 404 1980 544 2045; x_wconf 87' lang='lat' dir='ltr'><strong>Acidum</strong></span> <span class='ocrx_word' id='word_1_73' title='bbox 571 1980 855 2066; x_wconf 89' lang='lat' dir='ltr'><strong>hydrocyanicum</strong></span> <span class='ocrx_word' id='word_1_74' title='bbox 878 1981 1031 2058; x_wconf 88' lang='lat' dir='ltr'><strong>dilutum,</strong></span> <span class='ocrx_word' id='word_1_75' title='bbox 1056 1981 1172 2046; x_wconf 85' lang='lat' dir='ltr'><strong>addito</strong></span> <span class='ocrx_word' id='word_1_76' title='bbox 1194 1981 1289 2046; x_wconf 90' lang='lat' dir='ltr'><strong>acido</strong></span> <span class='ocrx_word' id='word_1_77' title='bbox 1312 1979 1488 2065; x_wconf 87' lang='lat' dir='ltr'><strong>hydrosul-</strong></span> 
     </span>
     <span class='ocr_line' id='line_1_14' title="bbox 362 2087 1486 2173; baseline 0.002 -23"><span class='ocrx_word' id='word_1_78' title='bbox 362 2087 476 2164; x_wconf 77' lang='lat' dir='ltr'><strong>furies,</strong></span> <span class='ocrx_word' id='word_1_79' title='bbox 497 2087 640 2171; x_wconf 87' lang='lat' dir='ltr'><strong>speciem</strong></span> <span class='ocrx_word' id='word_1_80' title='bbox 660 2109 701 2151; x_wconf 92' lang='lat' dir='ltr'><strong>ne</strong></span> <span class='ocrx_word' id='word_1_81' title='bbox 720 2093 835 2165; x_wconf 86' lang='lat' dir='ltr'><strong>mutet,</strong></span> <span class='ocrx_word' id='word_1_82' title='bbox 852 2111 894 2152; x_wconf 90' lang='lat' dir='ltr'><strong>ne</strong></span> <span class='ocrx_word' id='word_1_83' title='bbox 906 2088 1217 2173; x_wconf 87' lang='lat' dir='ltr'><strong>ammoniaquidem</strong></span> <span class='ocrx_word' id='word_1_84' title='bbox 1229 2087 1486 2173; x_wconf 81' lang='lat' dir='ltr'><strong>postcaaddita3</strong></span> 
     </span>
     <span class='ocr_line' id='line_1_15' title="bbox 360 2193 1050 2278; baseline 0.003 -21"><span class='ocrx_word' id='word_1_85' title='bbox 360 2193 476 2257; x_wconf 85' lang='lat' dir='ltr'><strong>addito</strong></span> <span class='ocrx_word' id='word_1_86' title='bbox 498 2194 623 2257; x_wconf 85' lang='lat' dir='ltr'><strong>nitrate</strong></span> <span class='ocrx_word' id='word_1_87' title='bbox 648 2193 799 2278; x_wconf 78' lang='lat' dir='ltr'><strong>berytico</strong></span> <span class='ocrx_word' id='word_1_88' title='bbox 822 2217 864 2259; x_wconf 87' lang='grc'><strong>11</strong></span> <span class='ocrx_word' id='word_1_89' title='bbox 886 2195 1050 2259; x_wconf 85' lang='lat' dir='ltr'><strong>turbetur.</strong></span> 
     </span>
    </p>

    <p class='ocr_par' dir='ltr' id='par_1_7' title="bbox 359 2299 1487 2814">
     <span class='ocr_line' id='line_1_16' title="bbox 405 2299 1484 2386; baseline 0.001 -23"><span class='ocrx_word' id='word_1_90' title='bbox 405 2299 497 2379; x_wconf 78' lang='lat' dir='ltr'><strong>Quae</strong></span> <span class='ocrx_word' id='word_1_91' title='bbox 531 2300 572 2364; x_wconf 90' lang='lat' dir='ltr'><strong>de</strong></span> <span class='ocrx_word' id='word_1_92' title='bbox 602 2301 699 2365; x_wconf 90' lang='lat' dir='ltr'><strong>Acidi</strong></span> <span class='ocrx_word' id='word_1_93' title='bbox 728 2301 967 2386; x_wconf 84' lang='lat' dir='ltr'><strong>hydrocyanici</strong></span> <span class='ocrx_word' id='word_1_94' title='bbox 990 2302 1087 2366; x_wconf 89' lang='lat' dir='ltr'><strong>diluti</strong></span> <span class='ocrx_word' id='word_1_95' title='bbox 1110 2303 1305 2367; x_wconf 84' lang='lat' dir='ltr'><strong>centimetro</strong></span> <span class='ocrx_word' id='word_1_96' title='bbox 1327 2301 1443 2366; x_wconf 90' lang='lat' dir='ltr'><strong>cubico</strong></span> <span class='ocrx_word' id='word_1_97' title='bbox 1468 2305 1484 2364; x_wconf 95' lang='lat'>1</span> 
     </span>
     <span class='ocr_line' id='line_1_17' title="bbox 361 2407 1486 2494; baseline 0 -24"><span class='ocrx_word' id='word_1_98' title='bbox 361 2427 427 2470; x_wconf 84' lang='lat' dir='ltr'><strong>una</strong></span> <span class='ocrx_word' id='word_1_99' title='bbox 445 2427 520 2470; x_wconf 90' lang='lat' dir='ltr'><strong>cum</strong></span> <span class='ocrx_word' id='word_1_100' title='bbox 532 2407 694 2472; x_wconf 82' lang='lat' dir='ltr'><strong>biberetis</strong></span> <span class='ocrx_word' id='word_1_101' title='bbox 706 2408 826 2473; x_wconf 86' lang='lat' dir='ltr'><strong>natrici</strong></span> <span class='ocrx_word' id='word_1_102' title='bbox 838 2409 1114 2494; x_wconf 85' lang='lat' dir='ltr'><strong>milligrammatis</strong></span> <span class='ocrx_word' id='word_1_103' title='bbox 1129 2411 1192 2472; x_wconf 94' lang='lat'><strong>100</strong></span> <span class='ocrx_word' id='word_1_104' title='bbox 1203 2408 1239 2471; x_wconf 93' lang='lat' dir='ltr'><strong>in</strong></span> <span class='ocrx_word' id='word_1_105' title='bbox 1252 2407 1371 2472; x_wconf 89' lang='lat' dir='ltr'><strong>balneo</strong></span> <span class='ocrx_word' id='word_1_106' title='bbox 1383 2429 1486 2493; x_wconf 88' lang='lat' dir='ltr'><strong>aquae</strong></span> 
     </span>
     <span class='ocr_line' id='line_1_18' title="bbox 360 2514 1487 2601; baseline 0.002 -25"><span class='ocrx_word' id='word_1_107' title='bbox 360 2518 540 2599; x_wconf 83' lang='lat' dir='ltr'><strong>evaporato</strong></span> <span class='ocrx_word' id='word_1_108' title='bbox 571 2521 779 2600; x_wconf 84' lang='lat' dir='ltr'><strong>supererunt,</strong></span> <span class='ocrx_word' id='word_1_109' title='bbox 809 2537 883 2581; x_wconf 93' lang='lat' dir='ltr'><strong>cum</strong></span> <span class='ocrx_word' id='word_1_110' title='bbox 905 2517 942 2580; x_wconf 92' lang='lat' dir='ltr'><strong>in</strong></span> <span class='ocrx_word' id='word_1_111' title='bbox 964 2537 1069 2601; x_wconf 87' lang='lat' dir='ltr'><strong>aquae</strong></span> <span class='ocrx_word' id='word_1_112' title='bbox 1092 2516 1297 2580; x_wconf 87' lang='lat' dir='ltr'><strong>centimetris</strong></span> <span class='ocrx_word' id='word_1_113' title='bbox 1319 2514 1443 2580; x_wconf 88' lang='lat' dir='ltr'><strong>cubicis</strong></span> <span class='ocrx_word' id='word_1_114' title='bbox 1467 2517 1487 2578; x_wconf 83' lang='lat'><strong>2</strong></span> 
     </span>
     <span class='ocr_line' id='line_1_19' title="bbox 359 2620 1486 2709; baseline 0 -25"><span class='ocrx_word' id='word_1_115' title='bbox 359 2620 468 2684; x_wconf 87' lang='lat' dir='ltr'><strong>soluta</strong></span> <span class='ocrx_word' id='word_1_116' title='bbox 498 2625 532 2684; x_wconf 91' lang='lat' dir='ltr'><strong>et</strong></span> <span class='ocrx_word' id='word_1_117' title='bbox 561 2621 647 2686; x_wconf 90' lang='lat' dir='ltr'><strong>acidi</strong></span> <span class='ocrx_word' id='word_1_118' title='bbox 679 2620 790 2686; x_wconf 85' lang='lat' dir='ltr'><strong>nitrici</strong></span> <span class='ocrx_word' id='word_1_119' title='bbox 820 2622 918 2687; x_wconf 89' lang='lat' dir='ltr'><strong>diluti</strong></span> <span class='ocrx_word' id='word_1_120' title='bbox 948 2626 1066 2709; x_wconf 85' lang='lat' dir='ltr'><strong>guttae</strong></span> <span class='ocrx_word' id='word_1_121' title='bbox 1096 2625 1117 2686; x_wconf 85' lang='lat'>4</span> <span class='ocrx_word' id='word_1_122' title='bbox 1149 2621 1282 2687; x_wconf 88' lang='lat' dir='ltr'><strong>additae</strong></span> <span class='ocrx_word' id='word_1_123' title='bbox 1313 2626 1486 2698; x_wconf 77' lang='lat' dir='ltr'><strong>eruntne</strong></span> 
     </span>
     <span class='ocr_line' id='line_1_20' title="bbox 359 2726 1485 2814; baseline 0.001 -23"><span class='ocrx_word' id='word_1_124' title='bbox 359 2726 538 2791; x_wconf 86' lang='lat' dir='ltr'><strong>turbentur</strong></span> <span class='ocrx_word' id='word_1_125' title='bbox 555 2728 670 2792; x_wconf 87' lang='lat' dir='ltr'><strong>addito</strong></span> <span class='ocrx_word' id='word_1_126' title='bbox 690 2729 814 2793; x_wconf 86' lang='lat' dir='ltr'><strong>nitrate</strong></span> <span class='ocrx_word' id='word_1_127' title='bbox 833 2730 1003 2814; x_wconf 85' lang='lat' dir='ltr'><strong>argentico</strong></span> <span class='ocrx_word' id='word_1_128' title='bbox 1020 2731 1166 2812; x_wconf 82' lang='lat' dir='ltr'><strong>(acidam</strong></span> <span class='ocrx_word' id='word_1_129' title='bbox 1178 2729 1485 2814; x_wconf 75' lang='lat' dir='ltr'><strong>hydroohloricam).</strong></span> 
     </span>
    </p>

    <p class='ocr_par' dir='ltr' id='par_1_8' title="bbox 357 2832 1486 3455">
     <span class='ocr_line' id='line_1_21' title="bbox 404 2832 1485 2921; baseline 0.002 -24"><span class='ocrx_word' id='word_1_130' title='bbox 404 2832 499 2898; x_wconf 90' lang='lat' dir='ltr'><strong>Acidi</strong></span> <span class='ocrx_word' id='word_1_131' title='bbox 528 2834 765 2919; x_wconf 87' lang='lat' dir='ltr'><strong>hydrocyanici</strong></span> <span class='ocrx_word' id='word_1_132' title='bbox 788 2836 886 2900; x_wconf 88' lang='lat' dir='ltr'><strong>diluti</strong></span> <span class='ocrx_word' id='word_1_133' title='bbox 910 2841 1132 2921; x_wconf 82' lang='lat' dir='ltr'><strong>grammatum</strong></span> <span class='ocrx_word' id='word_1_134' title='bbox 1157 2837 1185 2912; x_wconf 82' lang='lat'><strong>5,</strong></span> <span class='ocrx_word' id='word_1_135' title='bbox 1210 2857 1297 2921; x_wconf 88' lang='lat' dir='ltr'><strong>aqua</strong></span> <span class='ocrx_word' id='word_1_136' title='bbox 1319 2835 1361 2900; x_wconf 88' lang='lat' dir='ltr'><strong>ad</strong></span> <span class='ocrx_word' id='word_1_137' title='bbox 1384 2835 1485 2901; x_wconf 87' lang='grc'>11111-</span> 
     </span>
     <span class='ocr_line' id='line_1_22' title="bbox 359 2940 1486 3019; baseline 0.004 -16"><span class='ocrx_word' id='word_1_138' title='bbox 359 2945 464 3004; x_wconf 85' lang='lat' dir='ltr'><strong>metra</strong></span> <span class='ocrx_word' id='word_1_139' title='bbox 487 2940 602 3005; x_wconf 85' lang='lat' dir='ltr'><strong>cubica</strong></span> <span class='ocrx_word' id='word_1_140' title='bbox 628 2944 690 3005; x_wconf 96' lang='grc'><strong>100</strong></span> <span class='ocrx_word' id='word_1_141' title='bbox 714 2941 905 3019; x_wconf 83' lang='lat' dir='ltr'><strong>dilatorum,</strong></span> <span class='ocrx_word' id='word_1_142' title='bbox 926 2942 1132 3007; x_wconf 84' lang='lat' dir='ltr'><strong>centimetris</strong></span> <span class='ocrx_word' id='word_1_143' title='bbox 1151 2942 1275 3007; x_wconf 86' lang='lat' dir='ltr'><strong>cubicis</strong></span> <span class='ocrx_word' id='word_1_144' title='bbox 1298 2946 1338 3007; x_wconf 96' lang='grc'>10</span> <span class='ocrx_word' id='word_1_145' title='bbox 1358 2943 1386 3007; x_wconf 86' lang='lat' dir='ltr'><strong>si</strong></span> <span class='ocrx_word' id='word_1_146' title='bbox 1399 2943 1486 3008; x_wconf 86' lang='lat' dir='ltr'><strong>solu·</strong></span> 
     </span>
     <span class='ocr_line' id='line_1_23' title="bbox 359 3048 1486 3134; baseline 0.001 -22"><span class='ocrx_word' id='word_1_147' title='bbox 359 3049 460 3112; x_wconf 89' lang='lat' dir='ltr'><strong>tionis</strong></span> <span class='ocrx_word' id='word_1_148' title='bbox 485 3048 637 3133; x_wconf 86' lang='lat' dir='ltr'><strong>hydratis</strong></span> <span class='ocrx_word' id='word_1_149' title='bbox 660 3049 781 3113; x_wconf 87' lang='lat' dir='ltr'><strong>natrici</strong></span> <span class='ocrx_word' id='word_1_150' title='bbox 804 3055 920 3134; x_wconf 81' lang='lat' dir='ltr'><strong>guttae</strong></span> <span class='ocrx_word' id='word_1_151' title='bbox 944 3053 963 3115; x_wconf 88' lang='grc'><strong>6</strong></span> <span class='ocrx_word' id='word_1_152' title='bbox 987 3055 1021 3114; x_wconf 92' lang='grc'><strong>11</strong></span> <span class='ocrx_word' id='word_1_153' title='bbox 1039 3050 1179 3114; x_wconf 87' lang='lat' dir='ltr'><strong>chloreti</strong></span> <span class='ocrx_word' id='word_1_154' title='bbox 1198 3050 1318 3115; x_wconf 83' lang='lat' dir='ltr'><strong>notrici</strong></span> <span class='ocrx_word' id='word_1_155' title='bbox 1337 3052 1370 3132; x_wconf 95' lang='lat' dir='ltr'><strong>(l</strong></span> <span class='ocrx_word' id='word_1_156' title='bbox 1383 3075 1417 3109; x_wconf 92' lang='lat'>=</span> <span class='ocrx_word' id='word_1_157' title='bbox 1430 3052 1486 3131; x_wconf 92' lang='grc'><strong>10)</strong></span> 
     </span>
     <span class='ocr_line' id='line_1_24' title="bbox 358 3155 1486 3241; baseline 0.003 -23"><span class='ocrx_word' id='word_1_158' title='bbox 358 3159 476 3238; x_wconf 77' lang='lat' dir='ltr'><strong>guttae</strong></span> <span class='ocrx_word' id='word_1_159' title='bbox 500 3157 519 3216; x_wconf 96' lang='grc'>2</span> <span class='ocrx_word' id='word_1_160' title='bbox 543 3155 677 3219; x_wconf 85' lang='lat' dir='ltr'><strong>additae</strong></span> <span class='ocrx_word' id='word_1_161' title='bbox 696 3161 730 3220; x_wconf 87' lang='lat' dir='ltr'><strong>et</strong></span> <span class='ocrx_word' id='word_1_162' title='bbox 751 3157 885 3220; x_wconf 87' lang='lat' dir='ltr'><strong>nitrutis</strong></span> <span class='ocrx_word' id='word_1_163' title='bbox 904 3157 1066 3241; x_wconf 82' lang='lat' dir='ltr'><strong>argentici</strong></span> <span class='ocrx_word' id='word_1_164' title='bbox 1086 3157 1334 3221; x_wconf 87' lang='lat' dir='ltr'><strong>centincrmalis</strong></span> <span class='ocrx_word' id='word_1_165' title='bbox 1354 3160 1486 3221; x_wconf 89' lang='lat' dir='ltr'><strong>tantum</strong></span> 
     </span>
     <span class='ocr_line' id='line_1_25' title="bbox 357 3259 1485 3348; baseline 0.005 -26"><span class='ocrx_word' id='word_1_166' title='bbox 357 3259 556 3325; x_wconf 84' lang='lat' dir='ltr'><strong>instillatum</strong></span> <span class='ocrx_word' id='word_1_167' title='bbox 580 3263 652 3339; x_wconf 88' lang='lat' dir='ltr'><strong>erit,</strong></span> <span class='ocrx_word' id='word_1_168' title='bbox 677 3266 715 3326; x_wconf 89' lang='lat' dir='ltr'><strong>ut</strong></span> <span class='ocrx_word' id='word_1_169' title='bbox 739 3263 897 3339; x_wconf 80' lang='lat' dir='ltr'><strong>turbatio,</strong></span> <span class='ocrx_word' id='word_1_170' title='bbox 922 3268 1080 3348; x_wconf 87' lang='lat' dir='ltr'><strong>quassato</strong></span> <span class='ocrx_word' id='word_1_171' title='bbox 1103 3263 1241 3348; x_wconf 87' lang='lat' dir='ltr'><strong>liquore,</strong></span> <span class='ocrx_word' id='word_1_172' title='bbox 1262 3285 1330 3328; x_wconf 91' lang='lat' dir='ltr'><strong>non</strong></span> <span class='ocrx_word' id='word_1_173' title='bbox 1342 3264 1485 3348; x_wconf 87' lang='lat' dir='ltr'><strong>amplius</strong></span> 
     </span>
     <span class='ocr_line' id='line_1_26' title="bbox 357 3369 1346 3455; baseline 0.006 -26"><span class='ocrx_word' id='word_1_174' title='bbox 357 3372 543 3444; x_wconf 83' lang='lat' dir='ltr'><strong>evanescet,</strong></span> <span class='ocrx_word' id='word_1_175' title='bbox 568 3369 764 3433; x_wconf 85' lang='lat' dir='ltr'><strong>centimetra</strong></span> <span class='ocrx_word' id='word_1_176' title='bbox 786 3370 902 3434; x_wconf 91' lang='lat' dir='ltr'><strong>cubica</strong></span> <span class='ocrx_word' id='word_1_177' title='bbox 928 3373 968 3433; x_wconf 84' lang='lat'><strong>18</strong></span> <span class='ocrx_word' id='word_1_178' title='bbox 992 3369 1033 3433; x_wconf 87' lang='lat' dir='ltr'><strong>ad</strong></span> <span class='ocrx_word' id='word_1_179' title='bbox 1060 3373 1100 3434; x_wconf 89' lang='lat'><strong>19</strong></span> <span class='ocrx_word' id='word_1_180' title='bbox 1124 3371 1346 3455; x_wconf 86' lang='lat' dir='ltr'><strong>requirantur.</strong></span> 
     </span>
    </p>
   </div>
   <div class='ocr_carea' id='block_1_5' title="bbox 403 3491 1113 3562">
    <p class='ocr_par' dir='ltr' id='par_1_9' title="bbox 403 3491 1113 3562">
     <span class='ocr_line' id='line_1_27' title="bbox 403 3491 1113 3562; baseline 0.011 -8"><span class='ocrx_word' id='word_1_181' title='bbox 403 3493 433 3554; x_wconf 90' lang='lat' dir='ltr'>A</span> <span class='ocrx_word' id='word_1_182' title='bbox 467 3491 572 3556; x_wconf 90' lang='lat' dir='ltr'><strong>luce</strong></span> <span class='ocrx_word' id='word_1_183' title='bbox 606 3499 836 3559; x_wconf 87' lang='lat' dir='ltr'><strong>remotum</strong></span> <span class='ocrx_word' id='word_1_184' title='bbox 870 3499 1113 3562; x_wconf 87' lang='lat' dir='ltr'><strong>servetur.</strong></span> 
     </span>
    </p>
   </div>
   <div class='ocr_carea' id='block_1_6' title="bbox 456 3635 1396 3908">
    <p class='ocr_par' dir='ltr' id='par_1_10' title="bbox 456 3635 1396 3908">
     <span class='ocr_line' id='line_1_28' title="bbox 456 3635 1396 3717; baseline 0.013 -24"><span class='ocrx_word' id='word_1_185' title='bbox 456 3635 569 3695; x_wconf 83' lang='lat' dir='ltr'><strong>Doses</strong></span> <span class='ocrx_word' id='word_1_186' title='bbox 591 3637 769 3698; x_wconf 80' lang='lat' dir='ltr'><strong>maximae</strong></span> <span class='ocrx_word' id='word_1_187' title='bbox 791 3638 950 3714; x_wconf 80' lang='lat' dir='ltr'><strong>singulae</strong></span> <span class='ocrx_word' id='word_1_188' title='bbox 972 3639 1305 3717; x_wconf 84' lang='lat' dir='ltr'><strong>milligrammatum</strong></span> <span class='ocrx_word' id='word_1_189' title='bbox 1327 3641 1396 3705; x_wconf 89' lang='grc'>100.</span> 
     </span>
     <span class='ocr_line' id='line_1_29' title="bbox 457 3733 1326 3810; baseline 0.008 -20"><span class='ocrx_word' id='word_1_190' title='bbox 457 3733 570 3794; x_wconf 85' lang='lat' dir='ltr'><strong>Doscs</strong></span> <span class='ocrx_word' id='word_1_191' title='bbox 590 3733 768 3796; x_wconf 84' lang='lat' dir='ltr'><strong>maximae</strong></span> <span class='ocrx_word' id='word_1_192' title='bbox 790 3736 827 3794; x_wconf 89' lang='lat' dir='ltr'><strong>in</strong></span> <span class='ocrx_word' id='word_1_193' title='bbox 849 3736 954 3796; x_wconf 87' lang='lat' dir='ltr'><strong>horas</strong></span> <span class='ocrx_word' id='word_1_194' title='bbox 975 3737 1117 3798; x_wconf 86' lang='lat' dir='ltr'><strong>vicenas</strong></span> <span class='ocrx_word' id='word_1_195' title='bbox 1139 3739 1326 3810; x_wconf 79' lang='lat' dir='ltr'><strong>quaternas</strong></span> 
     </span>
     <span class='ocr_line' id='line_1_30' title="bbox 497 3832 923 3908; baseline 0.014 -16"><span class='ocrx_word' id='word_1_196' title='bbox 497 3832 831 3908; x_wconf 81' lang='lat' dir='ltr'><strong>milligrammatum</strong></span> <span class='ocrx_word' id='word_1_197' title='bbox 851 3835 923 3898; x_wconf 82' lang='grc'>400.</span> 
     </span>
    </p>
   </div>
   <div class='ocr_carea' id='block_1_7' title="bbox 821 4126 1023 4138">
    <p class='ocr_par' dir='ltr' id='par_1_11' title="bbox 821 4126 1023 4138">
     <span class='ocr_line' id='line_1_31' title="bbox 821 4126 1023 4138; baseline 0.01 -3"><span class='ocrx_word' id='word_1_198' title='bbox 821 4126 1023 4138; x_wconf 46' lang='grc' dir='ltr'><strong>ι-ὴ</strong></span> 
     </span>
    </p>
   </div>
   <div class='ocr_carea' id='block_1_8' title="bbox 0 0 1738 5038">
    <p class='ocr_par' dir='ltr' id='par_1_12' title="bbox 0 0 1738 5038">
     <span class='ocr_line' id='line_1_32' title="bbox 0 0 1738 5038; baseline 0 1"><span class='ocrx_word' id='word_1_199' title='bbox 0 0 1738 5038; x_wconf 95' lang='lat' dir='ltr'><strong> </strong></span> 
     </span>
    </p>
   </div>
  </div>
 </body>
</html>
