3466 5038
355 519 380 566 X

246 774 250 782 Ι
371 697 441 763 Ubi
451 700 593 764 variatio
601 700 782 765 secundum
792 721 928 766 curvem
937 702 1183 788 probabilitatis
1191 727 1340 771 errorum
1350 729 1459 793 asym-

117 2743 270 2810 Composita

105 2832 223 2885 ctemr'ru
236 2832 282 2883 de-

111 2921 274 2975 scribuntur.

332 805 1459 896 melremfit,tentumnumerusmediussrithmeticus(iniudicatum

377 911 578 998 Principium
608 919 646 978 ut
676 913 753 979 inde
776 913 904 979 fectum
927 915 972 981 sit
993 917 1030 980 in
1053 917 1321 1005 Phermecopoce
1343 920 1461 986 modos

331 1023 365 1082 et
377 1039 533 1084 numeros
542 1019 886 1106 Simpliciumretione
895 1025 929 1086 et
937 1021 1052 1087 ordine
1061 1021 1247 1101 definiendi,
1257 1025 1460 1110 plerumque,

331 1125 430 1191 fectis
450 1126 688 1206 deficientibus,
709 1128 759 1192 ite
778 1133 972 1194 constanter
992 1128 1100 1194 iecere
1119 1151 1187 1194 non
1207 1131 1386 1215 potuimus.
1418 1132 1460 1196 In

331 1233 456 1298 talibus
474 1233 639 1318 capitibus
654 1255 714 1319 pro
729 1257 766 1299 re
781 1240 861 1300 nete
874 1235 998 1300 indicis
1012 1236 1061 1300 its
1075 1235 1166 1301 fecte
1180 1242 1268 1315 sunt,
1282 1243 1321 1303 ut
1331 1239 1461 1302 numeri

331 1339 500 1417 darentur,
533 1341 589 1426 qui
615 1340 680 1404 fide
703 1342 846 1406 mexime
869 1341 963 1428 digni
985 1342 1196 1407 viderentur:
1221 1365 1460 1430 nonnunquam

332 1468 489 1511 numerus
508 1447 636 1512 medius
656 1449 861 1526 aestimatus,
881 1448 1050 1513 interdurn
1070 1448 1137 1514 duo
1156 1451 1287 1515 numeri
1309 1452 1458 1530 extremi,

332 1554 389 1639 qui
419 1553 588 1618 observati
619 1559 707 1631 sunt,
740 1575 839 1640 saepe
869 1559 1001 1619 tentum
1024 1577 1181 1621 numerus
1205 1557 1380 1635 maximus,
1404 1559 1461 1644 qui

332 1660 528 1726 observatus
549 1667 610 1738 est,
633 1661 739 1748 igitur
762 1666 857 1726 extre
880 1661 1031 1725 ordinem
1054 1683 1225 1746 occurrere
1247 1668 1369 1749 potest.

376 1768 546 1853 Simplicis
565 1770 661 1847 sicce,
682 1775 844 1855 quantum
862 1791 946 1856 opus
963 1770 1035 1848 crit,
1057 1790 1084 1834 e.
1094 1792 1126 1855 g.
1147 1769 1230 1835 folie
1248 1771 1364 1848 multe,
1382 1777 1461 1837 ente

330 1875 581 1962 inquisitionem
605 1875 803 1940 emollienda
826 1881 915 1940 eunt.

376 1981 417 2045 In
446 1982 634 2068 insignibus
665 1983 813 2047 externis
844 1983 1069 2047 describendis
1103 1983 1236 2070 saepius
1269 1984 1322 2048 usi
1345 2005 1459 2049 sumus

331 2110 468 2174 corpore
490 2089 709 2175 quinquagies
732 2089 882 2168 dilatato,
906 2090 979 2154 lucc
1001 2089 1177 2155 incidente.

375 2194 543 2260 Numerus
574 2195 791 2280 Simplicium,
814 2196 851 2258 in
873 2195 993 2281 quibus
1016 2201 1108 2260 certe
1130 2217 1208 2282 pers
1221 2197 1460 2262 elementorum

331 2301 514 2367 efficecium
532 2303 730 2388 postuletur,
751 2303 814 2367 hoc
832 2300 867 2366 in
888 2302 1034 2367 editione
1053 2308 1171 2367 suctus
1191 2308 1252 2368 est.
1276 2303 1456 2389 In'quibus

311 2400 415 2494 'quae
443 2409 531 2473 retio
562 2409 789 2494 inquisitionis
817 2410 985 2494 sequende
1012 2410 1057 2474 sit
1080 2415 1233 2475 accurate
1256 2409 1460 2496 descriptum

332 2536 404 2580 esse
425 2516 475 2579 rei
498 2515 615 2600 peritis
638 2516 720 2580 setis
743 2516 894 2601 liquebit.

378 2731 429 2791 11.
465 2726 660 2813 Composito
674 2728 821 2792 chemice
836 2750 904 2792 non
916 2729 1023 2792 solum
1034 2729 1235 2807 nominibus,
1248 2729 1306 2795 sed
1319 2730 1460 2814 plerum-

331 2856 394 2921 que
407 2835 509 2898 etism
520 2833 673 2898 formulis
684 2835 839 2899 chemicis
852 2835 1039 2921 significate
1051 2841 1140 2900 sunt.
1154 2835 1228 2914 Qus
1239 2857 1276 2900 re
1287 2836 1460 2900 materiem

331 2963 458 3028 purum,
493 2963 577 3026 quae
611 2963 686 3005 eum
720 2963 759 3005 ce
787 2940 932 3005 formula
960 2942 1147 3019 conveniet,
1180 2942 1361 3027 significari
1391 2964 1460 3007 non

331 3070 461 3133 semper
482 3047 664 3113 indicatum
688 3069 760 3113 esse
783 3048 959 3113 voluimus.
992 3047 1057 3128 Qui
1080 3049 1205 3133 gradus
1228 3049 1273 3113 sit
1301 3049 1459 3135 puritatis

329 3157 365 3220 in
378 3155 518 3220 muteris
532 3155 721 3240 postuletne
737 3177 755 3219 e
771 3154 992 3241 descriptione
1008 3155 1091 3219 sotis
1106 3155 1194 3220 effici
1209 3160 1330 3240 potest.
1363 3155 1460 3236 Quod

329 3262 475 3328 formula
504 3262 651 3326 chemice
681 3262 810 3327 adiecta
841 3267 901 3338 est,
928 3261 1033 3346 igitur
1054 3262 1103 3326 ite
1125 3267 1178 3326 est
1199 3261 1459 3347 intellegendum

330 3377 369 3435 ut
394 3391 480 3433 nove
502 3369 589 3432 retio
613 3369 657 3432 sit
679 3369 838 3432 meterise
862 3368 1121 3454 cognoscendae,
1146 3389 1230 3453 quse
1254 3389 1329 3432 cum
1351 3369 1458 3433 initiis

329 3476 590 3560 descriptionum
614 3474 831 3561 Simplicium,
851 3476 888 3538 in
907 3475 1026 3560 quibus
1045 3475 1131 3540 unde
1145 3475 1301 3539 materies
1319 3474 1460 3538 oriundo

331 3583 375 3647 sit
397 3583 572 3660 indicetur,
597 3582 783 3668 compersri
806 3587 927 3668 potest.

375 3688 533 3756 Ceterum
545 3710 721 3774 corporum
733 3689 954 3753 chemicorum
963 3688 1202 3773 descriptiones
1217 3709 1374 3772 magnam
1386 3709 1459 3772 psr-

330 3803 397 3861 tem
406 3797 691 3881 Phermecopoeee
699 3795 878 3860 editionem
888 3798 1143 3881 3⁸⁰¹sequuntur.
1152 3793 1302 3872 Numeri,
1311 3793 1460 3878 quiindi-

329 3909 520 3989 cont,quem
528 3903 571 3967 nd
579 3902 875 3966 modummeteriee
884 3902 1046 3987 quaedem
1054 3901 1138 3966 solvi
1147 3901 1333 3986 possit,quo
1341 3899 1460 3965 coloris

330 4009 436 4094 gradu
461 4009 631 4094 liquescet,
656 4029 722 4094 quo
745 4008 891 4084 ebulliat,
916 4009 1030 4094 peucis
1042 4007 1199 4092 exceptis,
1210 4005 1320 4070 denuo
1331 4005 1460 4070 definiti

330 4119 417 4180 sunt.
442 4114 530 4194 Quid
548 4115 662 4179 verice
679 4116 864 4179 reoctiones
883 4115 998 4191 velint,
1018 4113 1204 4200 quisquiliis
1216 4111 1457 4188 enumerandis,

330 4244 413 4309 ques
435 4227 597 4306 spectent,
620 4221 846 4306 compluribus
869 4221 950 4286 locis
974 4221 1104 4306 plenius
1128 4223 1179 4284 est
1203 4218 1412 4305 explicatum.
