3582 5034
909 503 975 566 320

642 695 693 794 -Ι-
727 700 892 792 Radix
928 700 1155 794 Halanii.

419 867 527 932 Radix
549 889 648 951 quarn
672 867 809 953 praebet
833 866 959 931 Inula
985 867 1226 944 Helenium,
1253 867 1353 932 LINN.
1375 868 1432 953 Sp.
1455 869 1501 934 Pl.

374 977 448 1052 881,
473 996 549 1041 cum
571 974 706 1039 caudice
730 997 749 1038 a
772 975 896 1058 plantis
920 975 1097 1039 biennibus
1119 974 1161 1038 ad
1185 974 1333 1038 triennes
1356 974 1503 1041 collecta.

417 1114 623 1182 (lentimetra
652 1115 692 1180 ad
728 1119 768 1180 15
803 1117 913 1201 longa,
937 1137 1048 1182 crassa
1071 1117 1266 1181 centimetra
1289 1117 1331 1181 ad
1356 1120 1386 1196 3,
1410 1118 1503 1195 dura,

373 1221 512 1310 fragilis,
543 1223 578 1286 in
601 1244 676 1288 aere
702 1222 839 1286 humido
863 1245 942 1288 mox
964 1222 1119 1288 flexibilis
1139 1224 1283 1302 etlenta,
1307 1223 1502 1302 fusiformis,

372 1351 472 1414 supra
491 1330 624 1396 caudice
648 1329 751 1408 brevi,
776 1331 936 1395 crassiore
962 1336 978 1394 l
1000 1332 1055 1395 vel
1069 1331 1228 1415 pluribus,
1243 1332 1504 1417 quiplerumque

372 1435 558 1520 complures
569 1436 738 1501 cicatrices
749 1437 901 1501 anulatae
913 1436 1264 1504 exhibentacaulibus
1275 1439 1504 1503 intermortuis

373 1542 547 1622 oriundas;
571 1542 660 1607 infra
679 1543 819 1622 concisa,
840 1544 942 1608 ramis
963 1544 1088 1621 orbata,
1108 1544 1302 1630 plerumque
1322 1567 1381 1630 per
1398 1545 1504 1631 longi-

373 1649 522 1714 tudinem
552 1649 735 1714 dimidiata.
768 1650 965 1736 Suparficies
995 1651 1141 1714 exterior
1163 1652 1256 1736 rugis
1278 1673 1337 1737 per
1359 1652 1503 1738 longitu-

372 1755 484 1820 dinem
512 1757 639 1840 positis,
676 1779 692 1821 e
717 1757 869 1821 subflavo
892 1757 1106 1843 griseofusca,
1132 1758 1231 1822 sulcis
1255 1759 1375 1823 coloris
1388 1759 1504 1824 obscu-

371 1863 486 1942 rioris;
520 1863 641 1928 radicis
664 1886 723 1948 per
752 1864 995 1949 longitudinem
1020 1869 1188 1949 persectae
1204 1865 1393 1950 superficies
1412 1865 1503 1931 sicci-

371 1975 440 2035 tate
463 1992 554 2049 aava,
575 1971 610 2034 in
630 1971 739 2034 media
758 1977 852 2055 parte
872 1971 951 2056 iugo
963 1993 1022 2056 per
1032 1970 1276 2057 longitudinem
1289 1972 1501 2057 prominenti,

369 2078 586 2164 aequabiliter
608 2100 626 2142 e
649 2077 798 2142 subflavo
822 2079 1035 2162 griseolusca.
1066 2079 1198 2143 Radicie
1218 2085 1407 2144 transverse
1430 2100 1503 2164 per·

372 2189 481 2248 sectae
511 2189 625 2249 cortex
655 2190 689 2248 et
715 2185 870 2269 phloema
893 2187 1014 2262 tenuia,
1041 2186 1194 2271 phloema
1217 2186 1318 2250 radiis
1343 2186 1500 2264 obscuris

369 2290 503 2375 xylema
518 2312 675 2369 crassum,
707 2313 863 2356 vasorum
894 2292 1002 2377 globis
1028 2292 1182 2357 radiatim
1209 2293 1337 2378 positia
1359 2292 1502 2357 medulla

371 2397 563 2482 plerumque
587 2398 693 2476 nulla;
718 2399 809 2464 color
831 2398 951 2464 clarius
973 2398 1026 2463 vel
1040 2400 1212 2464 obscurius
1225 2399 1355 2479 fuscus,
1380 2404 1502 2484 puncta

372 2526 431 2589 per
454 2509 559 2568 totam
578 2505 724 2570 radicem
742 2511 927 2590 persectam
947 2528 1070 2591 sparsa,
1092 2528 1166 2572 cum
1185 2507 1314 2571 resinae
1334 2506 1501 2592 glandulis

370 2610 611 2676 convenientia.
637 2611 795 2677 Fractura
817 2617 1009 2678 transversa
1023 2614 1116 2691 levis,
1130 2614 1338 2679 nonfibrata.
1363 2613 1502 2680 Radices

372 2717 540 2782 tenuiores
563 2740 630 2782 non
654 2723 831 2802 paroeciae,
856 2720 1066 2805 cylindriaae.

416 2825 634 2911 Microscopia
668 2825 825 2911 pulveris.
870 2824 1016 2892 Oellulae
1050 2827 1358 2912 perenchymaticae
1381 2825 1501 2892 coloris

371 2935 534 3016 expertes,
557 2931 722 2996 rotundae
745 2933 799 2997 rel
822 2933 929 3019 magis
953 2933 1126 3018 oblongae,
1152 2933 1213 2997 hae
1237 2954 1334 3018 saepe
1358 2933 1393 2998 in
1414 2933 1500 2998 ordi-

371 3038 469 3103 nibus
481 3037 619 3122 positaa.
644 3037 750 3103 Multa
761 3045 911 3105 ramenta
924 3040 1165 3126 aphaeritarum
1178 3040 1297 3104 inulini
1309 3039 1501 3126 plerumque

371 3143 480 3208 forma
492 3145 629 3224 enormi,
639 3167 877 3231 nonnunquam
889 3147 1103 3224 radiatorum,
1114 3168 1198 3232 quae
1206 3146 1366 3212 calefacta
1373 3148 1408 3212 in
1416 3168 1501 3232 aqua

371 3251 485 3317 statim
505 3252 690 3320 solvuntur.
715 3254 803 3318 Vasa
814 3252 951 3318 ratifara
963 3260 996 3319 at
1008 3275 1087 3318 vasa
1100 3253 1292 3319 scrobiculis
1304 3253 1499 3338 duplicibus,

370 3358 551 3423 rimalibus.
596 3357 741 3424 Gallulae
765 3361 942 3425 suberosae
964 3361 1153 3445 quadratae,
1178 3361 1273 3438 latae,
1299 3360 1500 3425 membranis

369 3465 536 3543 tenuibus,
550 3465 636 3530 clare
648 3466 760 3532 fuscis.
781 3467 943 3533 Fasciculi
954 3468 1111 3532 fibrarum
1123 3467 1368 3544 librifermium,
1378 3468 1500 3552 pachy-

369 3571 534 3636 ticharum
557 3573 749 3638 membrana
761 3574 920 3639 subflava.
947 3572 1095 3659 Corpora
1103 3575 1228 3652 crebra,
1241 3573 1342 3658 longa
1353 3573 1395 3637 ad
1409 3575 1451 3637 60
1464 3597 1498 3649 μ,

369 3679 488 3745 coloris
511 3678 581 3744 fere
605 3681 762 3765 expertia,
787 3681 862 3765 plus
884 3681 1037 3745 minusve
1049 3681 1167 3745 obtuse
1179 3679 1380 3766 crystallina,
1394 3680 1499 3744 lucem

369 3785 465 3850 valde
488 3787 717 3873 refringentia,
741 3809 834 3873 quae,
858 3787 1017 3853 calefacta
1047 3789 1081 3852 in
1104 3809 1198 3873 aqua,
1223 3792 1394 3872 guttarum
1414 3785 1499 3850 olea-

369 3913 500 3957 cearum
513 3895 655 3979 speciem
667 3895 837 3981 praebent.
858 3893 1045 3959 Nonnullae
1056 3896 1185 3959 resinae
1196 3913 1325 3958 massae
1338 3913 1497 3968 enormes,

370 3999 475 4064 flavae
498 4001 540 4064 ad
564 4000 684 4067 fuscas.
732 4002 890 4086 Amylum
913 4023 1049 4086 prorsus
1072 4002 1175 4066 deest.

416 4106 509 4170 Odor
529 4109 662 4193 proprie
685 4109 902 4188 aromaticus;
928 4131 1026 4195 sapor
1048 4109 1257 4186 aromaticus,
1282 4127 1423 4172 amarus.
