3530 5026
855 492 918 554 152

363 688 432 752 Gan
455 687 566 751 oriens
589 708 607 751 e
630 685 715 750 zinci
737 685 847 750 frusto
870 691 1027 770 reagente
1050 685 1086 750 in
1109 685 1271 771 liquorem
1294 691 1447 771 paratum

319 794 412 858 Ferri
435 794 602 880 pulverati
624 793 895 878 milligrammata
920 796 983 858 100
1002 814 1069 858 una
1087 814 1162 859 cum
1178 793 1336 858 chloratis
1348 792 1448 858 kaiici

319 901 597 987 milligrammatis
622 903 663 965 25
687 901 723 964 in
746 899 833 966 acidi
855 899 1101 985 hydrochlorici
1125 899 1222 964 diluti
1242 899 1447 965 centimetris

318 1007 443 1074 cubicis
485 1011 504 1072 5
539 1007 700 1072 solvendo
734 1011 834 1092 atque
868 1006 1040 1092 coquendo
1074 1006 1191 1072 chlorii
1226 1006 1448 1091 quantitatem

317 1114 530 1181 excedentem
550 1115 754 1199 expellendo,
768 1115 917 1180 chartam
930 1113 1086 1192 bibulam,
1100 1113 1250 1178 chloreto
1262 1113 1448 1198 hydrargy-

318 1222 387 1288 rico
420 1220 651 1299 madefactam,
686 1221 807 1286 davam
840 1243 883 1286 ne
916 1221 1035 1286 reddat
1068 1221 1157 1284 intra
1191 1220 1293 1284 horae
1319 1223 1448 1304 partem

319 1332 483 1414 quartam.

524 1867 575 1965 ÷
608 1870 826 1964 Ferrum
862 1869 1159 1963 reductum.

530 2085 683 2152 Ferrum
706 2101 772 2168 ope
794 2083 1019 2166 Hydrogenii
1041 2083 1241 2150 reductum.

366 2279 478 2345 Pulvis
501 2279 620 2359 tenuis,
644 2301 712 2344 non
734 2279 840 2345 nitide
862 2279 1001 2364 griseus,
1019 2279 1077 2365 qui
1099 2279 1231 2344 demum
1243 2301 1318 2345 cum
1329 2277 1449 2343 teritur

319 2385 417 2451 modo
440 2386 651 2452 metallorum
674 2386 809 2453 nitescit
831 2385 952 2472 quique
974 2407 1112 2472 corpore
1134 2385 1266 2451 ardenti
1277 2385 1448 2450 tactusin-

318 2492 487 2560 candescit
508 2516 614 2579 neque
637 2493 777 2560 candere
788 2492 913 2558 desinit
923 2493 1115 2578 priusquam
1127 2497 1220 2558 totus
1231 2491 1267 2556 in
1279 2492 1448 2577 pulverem

318 2599 451 2685 nigrum
474 2601 627 2666 redactus
650 2607 711 2667 est.

363 2707 501 2772 Ferrum
524 2707 697 2773 reductum
720 2729 781 2793 gaz
805 2707 917 2771 odoris
930 2706 1050 2790 exigui,
1065 2705 1239 2791 praecipue
1251 2727 1313 2791 gaz
1325 2703 1447 2790 hydro·

317 2813 461 2898 genium,
485 2813 641 2879 emittens
664 2815 699 2877 in
722 2812 818 2878 acido
833 2812 1088 2899 hydrochlorico
1100 2811 1207 2878 diluto
1219 2811 1370 2888 solvitur,
1382 2832 1448 2896 quo

317 2919 408 2986 facto
439 2920 588 2985 materiei
618 2943 686 2985 non
717 2921 844 2984 solutae
875 2941 916 2984 ne
947 2919 1022 3013 plus
1044 2940 1145 3004 quam
1169 2941 1245 3003 pars
1268 2918 1448 2984 centesima

319 3031 336 3091 l
362 3026 578 3112 relinquatur.

362 3133 500 3198 Ferrum
522 3133 697 3198 reductum
720 3133 755 3196 in
779 3133 874 3198 acido
898 3131 1152 3218 hydrochlorico
1176 3130 1283 3195 diluto
1296 3133 1328 3214 (1
1345 3157 1379 3190 =
1392 3133 1448 3214 10)

317 3240 472 3318 solutum,
507 3239 622 3304 addito
655 3239 750 3305 acido
782 3237 1063 3325 hydrosulturico,
1094 3238 1235 3324 speciem
1259 3259 1300 3301 ne
1323 3242 1446 3313 mutet;

316 3367 457 3432 quorum
476 3348 662 3413 solutorum
673 3347 906 3414 centimetrum
917 3347 1108 3413 cubicorum
1121 3349 1140 3410 5
1153 3367 1228 3410 oum
1239 3344 1326 3410 acidi
1337 3344 1447 3410 nitrici

316 3453 521 3520 centimetris
551 3454 675 3521 cubicis
699 3458 717 3519 2
741 3457 974 3521 concoctor'um
998 3459 1033 3520 et
1054 3452 1239 3518 ammoniae
1262 3452 1449 3537 quantitate

318 3559 488 3626 excedenti
519 3561 699 3626 mixtorum
721 3561 847 3628 filtrata
869 3561 990 3627 coloris
1013 3559 1162 3645 expertia
1184 3559 1266 3637 sint3
1290 3558 1341 3635 iis,
1365 3578 1448 3643 quae

317 3666 358 3731 de
381 3666 515 3733 filtratis
539 3669 728 3754 evaporatis
746 3668 863 3735 relicta
874 3671 981 3745 erunt,
995 3666 1207 3744 candefactis,
1220 3687 1303 3751 quae
1317 3685 1447 3750 supere·

316 3778 406 3851 runt,
430 3774 608 3858 ponderari
630 3780 805 3860 nequeant.

362 3880 431 3945 Gan
454 3880 565 3946 oriens
587 3903 605 3945 e
629 3881 713 3946 zinci
735 3881 846 3946 imsto
868 3885 1025 3966 reagente
1051 3880 1086 3943 in
1111 3880 1272 3964 liquorem
1295 3880 1447 3962 paratum

317 3987 411 4051 Ferri
422 3987 551 4054 reducti
563 3987 834 4074 milligrammata
848 3990 911 4052 100
917 4008 985 4051 una
993 4007 1067 4051 cum
1076 3968 1234 4051 chloratis
1242 3983 1343 4049 katioi
1351 3981 1447 4046 milli·

317 4094 512 4180 grammatis
533 4097 573 4159 25
593 4095 629 4158 in
641 4094 727 4160 acidi
739 4093 985 4179 hydrochlorici
996 4092 1095 4157 diluti
1107 4091 1312 4157 centimetris
1323 4088 1447 4155 cubicis

318 4205 337 4266 5
361 4202 523 4267 solvendo
546 4207 644 4288 atque
668 4202 839 4288 coquendo
862 4201 979 4268 chlorii
1002 4200 1224 4286 quantitatem
1236 4197 1447 4262 excedentem
