3530 5026
809 504 851 570 73

258 701 371 778 diluto,
396 700 586 786 dioxydnm
607 699 820 766 carbonicum
843 699 1010 777 emittens,
1034 697 1105 763 iere
1127 701 1220 763 totus
1239 698 1391 765 solvitur.

258 809 310 874 Ita
331 809 477 886 solutus,
501 807 615 874 addito
638 807 845 872 bichromate
863 807 982 884 kalico,
1001 804 1255 890 praecipitatum
1267 805 1392 871 flavum

257 914 403 1000 deponit,
427 915 518 1001 quod
541 914 639 980 facile
662 914 804 979 solvitur
825 915 861 978 in
885 912 1052 978 solutione
1076 911 1228 997 hydratis
1251 913 1390 993 natlici;

259 1022 372 1087 addito
396 1021 494 1088 acido
517 1021 687 1098 sulfurico,
715 1020 971 1106 praecipitatum
994 1018 1133 1104 deponit
1155 1018 1276 1096 album,
1301 1019 1390 1104 quod

258 1128 291 1191 in
314 1132 446 1193 acetate
469 1128 653 1194 ammonico
677 1127 776 1193 facile
799 1127 951 1193 solvitur.

301 1234 395 1314 Quae
418 1234 460 1299 de
484 1232 686 1301 Carbonatis
709 1233 867 1318 plumbici
890 1235 1075 1318 grammate
1100 1235 1117 1294 1
1138 1252 1292 1296 unacum
1303 1232 1389 1297 acidi

257 1342 372 1406 acetici
384 1341 484 1406 diluti
495 1341 702 1407 centimetris
710 1340 836 1405 cubicis
845 1343 887 1404 20
895 1339 1058 1404 calefacto
1067 1338 1152 1402 solvi
1160 1359 1228 1402 non
1237 1344 1388 1424 possunt,

257 1449 403 1532 pondere
426 1471 467 1513 ne
487 1449 557 1513 sint
567 1449 642 1534 plus
653 1469 754 1534 quam
765 1447 1073 1533 milligrammatum
1087 1448 1138 1510 10.
1163 1445 1256 1510 Haec
1269 1445 1388 1524 soluta,

255 1554 371 1619 addito
401 1554 636 1641 ferrocyaneto
666 1554 786 1632 kalico,
816 1553 1073 1639 praecipitatum
1105 1551 1276 1637 deponant
1306 1575 1388 1638 pure

255 1660 366 1726 album
400 1665 554 1750 (fenam,
579 1664 742 1749 capram).
786 1660 936 1741 Quorum
967 1659 1152 1724 solutorum
1182 1659 1387 1725 centimetris

255 1767 379 1832 cubicis
412 1772 453 1832 15
485 1767 599 1832 addito
631 1767 726 1833 acido
753 1767 1008 1852 hydrochlon'co
1038 1765 1117 1830 dum
1148 1787 1216 1830 non
1245 1765 1387 1851 amplius

255 1874 508 1960 praecipitatum
539 1874 690 1958 exsistat,
715 1878 748 1938 et
771 1872 908 1959 plumbo
930 1873 1046 1937 relicto
1070 1895 1088 1937 e
1109 1871 1237 1957 liquore
1259 1873 1387 1938 filtrato

255 2002 312 2065 per
334 1981 466 2047 aeidum
489 1980 797 2067 hydrosulfuricum
818 1985 958 2057 remoto,
979 2002 1052 2046 cum
1075 1980 1186 2064 liquor
1207 1978 1317 2044 denuo
1335 1979 1386 2044 fil·

255 2091 362 2153 tratus
392 2087 467 2166 erit,
499 2087 633 2167 filtreis,
665 2088 791 2153 addila
810 2088 986 2165 ammonia,
1019 2087 1161 2172 speciem
1190 2109 1233 2150 ne
1255 2091 1386 2151 mutent

254 2215 335 2259 neve
352 2194 406 2273 iis,
426 2216 513 2281 quae
525 2195 712 2261 defiltratis
735 2198 943 2280 supererunt,
956 2193 1147 2279 evaporatis
1159 2198 1193 2259 et
1204 2193 1385 2272 calefactis,

254 2302 427 2388 quicquam
450 2302 641 2387 relinquant
664 2302 753 2388 quod
776 2301 954 2388 ponderari
977 2301 1094 2386 possit.

295 2407 470 2474 Carbones
505 2408 691 2494 plumbicus
725 2408 941 2475 candefactus
964 2408 1068 2493 oxydi
1090 2406 1248 2492 plumbici
1270 2412 1384 2493 partes

253 2517 447 2582 centesimas
471 2537 541 2581 non
563 2517 674 2582 minus
697 2538 797 2602 quam
821 2519 864 2580 85
887 2516 1065 2602 relinquat.

658 3013 973 3133 Garrapeen.

292 3211 431 3275 Plantae
466 3231 549 3294 quas
584 3210 744 3294 praebent
779 3207 1008 3276 Chondrus
1039 3209 1221 3294 crispae,
1246 3209 1379 3272 LYNGB.

251 3313 356 3398 Hydr.
387 3315 465 3378 dan.
497 3335 530 3399 p.
568 3317 618 3392 15,
658 3312 739 3379 Tab.
772 3318 802 3392 5,
834 3315 874 3379 A.
900 3315 937 3379 B.
969 3315 1270 3406 etGigartina
1304 3337 1381 3378 ma-

249 3420 427 3498 millosa,
459 3419 493 3486 J.
525 3421 588 3486 AG.
619 3419 695 3506 Alg.
727 3421 813 3485 med.
844 3443 877 3507 p.
904 3424 977 3500 104,
1001 3422 1071 3487 sole
1093 3421 1236 3507 pallidae
1258 3421 1378 3486 factae.

288 3581 428 3647 Thallus
458 3581 655 3647 centimetra
676 3581 719 3646 ad
745 3583 794 3664 172
809 3582 907 3659 altus,
932 3581 1198 3667 cartilaginosus
1222 3581 1379 3666 semiper-

245 3687 381 3767 lucidns,
406 3687 442 3752 in
465 3709 552 3773 aqua
575 3693 772 3766 tumescens,
796 3689 945 3755 lubricus
964 3694 998 3755 et
1016 3688 1136 3767 mollis,
1150 3687 1378 3753 formadivsr-

247 3793 383 3872 sissima,
408 3794 570 3880 pedicello
592 3796 744 3881 longiore
769 3797 824 3861 vel
846 3796 1006 3874 breviore,
1031 3795 1066 3859 in
1088 3795 1161 3861 basi
1183 3794 1376 3880 cylindri00‚

245 3899 279 3964 in
300 3907 395 3986 parte
418 3901 589 3987 superiore
608 3903 738 3988 planus,
762 3903 894 3988 saepius
912 3903 1069 3968 furcatim
1080 3923 1241 3980 ramosus,
1255 3901 1379 3966 flabelli

246 4007 341 4073 modo
374 4008 570 4095 explicatus,
605 4030 680 4075 cum
715 4008 904 4096 Carrageen
938 4010 1062 4075 siccum
1096 4014 1156 4086 est,
1192 4009 1320 4093 crispus
1342 4011 1376 4071 et

245 4113 406 4181 turbatus.
432 4115 587 4181 Laciniae
609 4117 799 4182 millimetra
823 4119 843 4182 3
863 4117 905 4182 ad
920 4120 961 4181 10
973 4117 1070 4195 latae,
1083 4118 1226 4181 lineares
1236 4116 1291 4180 vel
1303 4114 1377 4198 plus

247 4219 393 4287 minusve
419 4226 590 4302 annectas,
614 4225 707 4311 apice
730 4229 829 4290 acuto
851 4224 906 4289 vel
929 4224 1050 4289 obtuso
1073 4224 1128 4288 vel
1149 4220 1373 4306 emarginat03
