3584 5026
846 517 909 580 195

308 711 501 779 lodoformo
535 719 721 798 grammata
757 715 775 776 2
811 713 943 798 percola
972 734 1031 797 per
1061 713 1197 777 aethera
1229 711 1309 776 dum
1332 713 1441 798 liquor

306 820 426 886 coloris
445 841 563 906 expers
575 819 710 884 defluat.
735 819 1037 905 Liquoriaethereo
1049 820 1134 885 adde
1146 820 1293 885 solutum
1305 821 1439 886 nitratis

305 927 466 1013 argentici
489 949 638 1014 gramma
664 930 680 990 1
706 926 742 991 in
765 947 869 1012 aquae
890 927 1095 992 centimetris
1115 926 1240 992 cubicis
1260 929 1281 989 4
1301 933 1335 992 et
1353 927 1440 992 acidi

196 1037 201 1046 '
306 1033 416 1100 uitrici
439 1032 537 1098 diluti
559 1041 744 1120 grammate
770 1037 807 1116 13
830 1034 1035 1100 cucurbitam
1058 1040 1217 1100 converte
1239 1034 1319 1099 dum
1330 1035 1440 1120 liquor

305 1140 424 1206 coloris
447 1161 566 1226 expers
589 1140 700 1206 iactus
724 1139 785 1222 sit}
810 1141 947 1205 aethera
969 1141 1194 1206 destillatione
1217 1162 1361 1206 remove.
1401 1141 1439 1206 Si

306 1267 388 1331 opus
412 1247 485 1324 erit,
509 1246 712 1332 aliquamdiu
735 1247 770 1311 in
794 1245 913 1311 balneo
937 1269 1041 1333 aquae
1064 1247 1188 1314 caliace
1211 1248 1290 1312 dum
1314 1249 1437 1314 reaotio

305 1352 399 1419 finita
422 1353 484 1436 sit;
508 1352 593 1418 adde
611 1373 717 1438 aquae
735 1353 932 1419 centimetra
951 1354 1066 1421 cubica
1079 1356 1139 1438 203
1159 1355 1308 1420 iodetum
1320 1375 1437 1440 argen-

305 1458 407 1524 ticum
429 1459 548 1545 collige
571 1459 606 1522 in
630 1459 755 1524 filtrum
779 1459 851 1523 noti
871 1460 1045 1544 ponderis;
1067 1462 1148 1539 elue,
1170 1462 1265 1538 sicca,
1279 1460 1435 1546 pondera.

303 1566 412 1632 Iodeti
435 1567 598 1653 argentici
621 1567 752 1652 pondus
772 1589 814 1632 ne
833 1566 878 1632 sit
897 1567 1118 1653 minusquam
1130 1568 1437 1653 milligrammatum

304 1675 368 1738 340
391 1694 476 1738 neve
498 1674 573 1759 plus
596 1694 695 1759 quam
718 1673 1025 1759 milligrammatum
1049 1675 1124 1740 375.

347 1781 483 1847 Praeter
505 1781 663 1866 Gossypii
687 1802 762 1847 cum
779 1779 974 1846 Iodoformo
986 1801 1092 1866 genus
1104 1801 1205 1866 supra
1217 1785 1436 1847 memoratum

303 1886 417 1952 adesse
446 1887 525 1953 licet
548 1888 751 1973 Gossypium
774 1887 850 1972 plus
872 1889 1024 1952 minusve
1046 1886 1226 1952 iodolormi
1249 1889 1434 1966 continens,

285 1993 381 2082 ¹dum
403 2016 447 2059 ue
469 1993 655 2060 Iodolormi
679 1994 852 2080 quantitas
876 1994 951 2079 plus
974 2015 1073 2080 quam
1096 1999 1226 2080 partem
1244 1995 1434 2060 vicesimam

303 2100 434 2166 differat
457 2100 500 2166 ab
521 2101 572 2180 iis,
596 2123 680 2188 quae
703 2102 738 2166 in
762 2102 944 2179 involucro,
969 2123 1035 2187 quo
1055 2102 1169 2167 venire
1180 2103 1275 2179 solet,
1289 2102 1435 2168 indicata

303 2213 410 2274 erunt.

345 2316 376 2380 A
406 2316 500 2382 luce
531 2321 573 2381 et
603 2315 653 2381 ab
683 2337 780 2381 aere
810 2319 1019 2381 remotum
1042 2320 1255 2380 servetur.

437 2643 488 2741 -Ι-
521 2645 845 2768 flossypium
880 2647 1216 2765 depuratum.

346 2814 407 2878 Pili
431 2814 594 2880 seminum
617 2836 702 2901 quae
726 2813 887 2900 praebent
911 2815 1023 2878 variae
1042 2813 1169 2898 species
1188 2812 1321 2898 generis
1335 2813 1431 2878 Goe-

302 2921 426 3006 sypii,
451 2922 615 3007 depurati‚
641 2922 732 2987 omni
754 2921 956 3007 pinguedine
979 2920 1121 2986 liberati.

342 3065 573 3150 Microsoopia.
609 3065 672 3129 Pili
703 3065 805 3150 longi,
831 3069 957 3142 tenues,
982 3063 1224 3140 unicellulares,
1249 3064 1430 3148 compressi

300 3170 437 3258 ideoque
471 3171 613 3256 ligulam,
650 3173 844 3258 plerumque
873 3171 1051 3236 admodum
1076 3169 1167 3248 torti,
1192 3189 1430 3255 nonnunquam

298 3278 350 3342 vel
373 3279 556 3358 helicoidei,
580 3279 616 3343 in
640 3279 712 3344 basi
735 3278 884 3356 abscissi,
909 3279 987 3343 inde
999 3278 1161 3364 paulatim
1172 3278 1208 3342 in
1218 3277 1432 3342 latitudinem

299 3391 502 3469 crescentes3
525 3385 680 3451 latissimi
693 3390 772 3451 sunt
785 3387 884 3471 paulo
895 3385 986 3450 infra
997 3385 1159 3464 medium;
1172 3385 1300 3470 apicem
1314 3404 1431 3449 versus

297 3494 518 3578 angustiores,
532 3493 744 3558 extremitate
756 3493 950 3558 tenuissime
966 3493 1090 3569 conica,
1104 3512 1344 3578 nonnunquam
1356 3512 1431 3575 spa-

294 3599 414 3665 tulate.
440 3599 502 3664 Pili
526 3622 568 3665 ne
591 3601 660 3665 sint
683 3600 852 3665 breviores
874 3621 973 3686 quam
997 3599 1193 3664 centimetra
1217 3601 1255 3682 3;
1279 3599 1315 3662 in
1334 3601 1430 3683 parte

297 3705 460 3772 latissima
482 3729 550 3772 non
573 3707 683 3772 minus
706 3729 806 3793 quam
832 3709 873 3771 12
897 3729 921 3781 μ
945 3727 1051 3792 nequa
1076 3706 1261 3791 plusquam
1275 3707 1318 3768 48
1331 3727 1355 3779 μ
1368 3705 1428 3769 lati

297 3817 385 3878 sunt.
421 3813 616 3879 Membrana
649 3814 786 3879 cellulae
816 3813 1010 3890 tumefacta,
1045 3817 1173 3898 partem
1207 3812 1341 3877 tertiam
1374 3811 1429 3874 vel

296 3919 379 3984 duas
400 3919 556 3986 diametri
577 3921 715 3986 cellulae
737 3942 865 4004 crassa3
889 3919 1125 3985 nonnullorum
1149 3919 1291 4004 pilorum
1303 3918 1428 3983 tenuis-

296 4026 380 4090 sima
413 4032 482 4112 est;
517 4026 637 4092 coloris
672 4048 804 4113 expers;
835 4027 1014 4092 maximam
1043 4031 1172 4112 partem
1202 4030 1336 4091 constat
1365 4023 1427 4087 cel·

295 4131 411 4211 luloso‚
446 4135 591 4200 cuticula
624 4135 829 4212 tenuissima,
862 4133 1031 4218 spiraliter
1060 4134 1180 4198 striata
1206 4132 1260 4196 vel
1282 4150 1427 4217 granoso

296 4237 482 4324 (inquisitio
500 4241 536 4306 in
555 4243 654 4326 aere),
675 4263 760 4328 quae
777 4239 946 4307 interdum
966 4262 1025 4325 per
1036 4239 1254 4306 tractationes
1265 4235 1425 4322 pristinas
