3530 5026
876 473 938 536 156

336 668 479 732 maxime
487 667 665 754 conspicua
673 668 869 733 sunthaeoe.
877 665 1139 751 Granapollinis,
1148 687 1245 752 saepe
1253 665 1289 730 in
1297 666 1468 732 columnas

337 772 499 859 oblongas
534 774 681 852 collecta,
706 774 917 860 subglobosa,
942 772 1038 852 levia,
1063 772 1192 838 sinibus
1215 775 1235 837 3
1259 773 1466 838 introversis.

338 880 400 944 Pili
422 880 613 966 glandulosi
635 886 827 947 constantes
850 879 1114 946 tabulationibus
1134 883 1154 944 3
1174 880 1217 945 ad
1236 882 1257 943 4
1276 881 1468 946 cellularum

337 987 489 1052 binarum
528 997 562 1054 et
595 988 686 1053 bulla
719 986 890 1066 cuticulae,
927 1009 1024 1072 saepe
1058 987 1254 1072 epidermidi
1287 986 1466 1054 coniuncti.

336 1094 457 1159 Frusta
480 1095 585 1180 partis
605 1093 731 1159 mediae
755 1094 998 1160 bracteolarum
1021 1092 1194 1171 involucri,
1208 1093 1242 1158 in
1255 1092 1375 1179 quibus
1387 1115 1469 1159 vasa

336 1201 487 1266 anularia
510 1207 543 1267 et
564 1201 708 1288 spiralia,
733 1202 833 1267 etiam
856 1201 993 1267 cellulae
1016 1199 1360 1286 solerenohymaticae,
1383 1222 1467 1286 quae

336 1307 504 1374 interdum
527 1308 720 1393 longissime
744 1313 899 1373 extentae
922 1312 1009 1385 sunt,
1034 1306 1180 1370 nodosae
1202 1327 1342 1392 quoque,
1366 1329 1468 1371 mem-

337 1415 450 1480 branis
472 1415 678 1494 subflavidis,
702 1413 940 1481 scrobiculatis.
978 1413 1101 1479 Frusta
1122 1413 1283 1499 marginis
1306 1415 1468 1480 membra·

337 1522 430 1586 nacei
473 1522 716 1588 bracteolarum
751 1521 931 1600 involucri;
966 1521 1103 1586 cellulae
1126 1521 1465 1606 proseuchymaticae,

335 1627 544 1712 leptotiohae.
571 1629 757 1715 Epidermis
781 1628 886 1713 partis
908 1627 1035 1692 mediae
1051 1626 1292 1692 bracteolarum
1303 1627 1467 1693 involucri

335 1735 524 1814 crassioris3
557 1736 695 1801 cellulae
731 1737 903 1821 oblongae,
936 1733 1147 1799 membranae
1177 1733 1332 1799 laterales
1362 1739 1468 1800 tume-

338 1841 446 1908 factae
479 1847 514 1908 et
548 1864 607 1928 per
630 1843 753 1908 multos
776 1841 979 1908 scrobiculos
1002 1840 1138 1907 altiores
1162 1839 1466 1920 monoliniformes3

337 1954 490 2014 stomata.
538 1950 654 2015 Partes
688 1949 840 2036 pilorum,
865 1948 1048 2034 gracilium,
1074 1953 1250 2027 tortorum,
1274 1948 1467 2035 plerumque

338 2055 609 2134 unioellularium,
645 2056 912 2142 leptotichorum.
960 2055 1116 2120 Fmstula
1138 2054 1237 2120 strati
1259 2054 1375 2121 fibrosi
1397 2056 1468 2120 the·

337 2183 460 2228 aarum.
484 2163 598 2247 Amyli
620 2162 691 2227 fere
713 2163 811 2241 nihil3
836 2162 891 2228 hic
913 2162 981 2228 illic
1003 2161 1139 2228 cellulae
1158 2161 1468 2248 parsnchymaticaa

337 2269 510 2346 rotundae,
534 2270 684 2355 gerulis
706 2269 809 2354 amyli
833 2270 1011 2336 nonnullis.
1058 2269 1100 2334 In
1123 2268 1290 2334 solutione
1313 2269 1467 2354 hydratis

338 2375 458 2442 natrioi
498 2375 680 2442 alcoholica
719 2375 756 2440 in
798 2376 952 2442 omnibus
986 2375 1185 2462 fragmentis
1219 2397 1347 2441 massae
1380 2377 1468 2443 clare

337 2483 460 2562 flavae;
485 2505 569 2569 quae
589 2506 607 2548 e
625 2483 702 2569 pilis
721 2483 928 2569 glandulosis
948 2488 1075 2549 secreta
1094 2488 1183 2560 sunt,
1201 2482 1255 2547 vel
1266 2482 1467 2548 aurantiaoa.

382 2590 475 2656 Odor
508 2590 671 2676 proprius,
707 2590 924 2668 aromaticus3
959 2610 1059 2674 sapor
1091 2588 1466 2664 nauseosoaromaticus,

337 2697 542 2775 subamarus,
566 2695 780 2784 refrigerans.

382 2804 476 2868 Folia
499 2809 534 2869 et
556 2805 666 2870 caules
689 2804 839 2870 admixta
861 2825 903 2868 ne
926 2803 1004 2869 sint.

382 2911 516 2975 Florum
540 2909 644 2976 Cinae
678 2911 788 2996 pulvis
811 2910 1005 2977 combustus
1027 2908 1147 2976 cineris
1171 2929 1213 2972 ne
1236 2907 1346 2972 minus
1369 2929 1468 2993 quam

337 3023 449 3102 partes
471 3017 669 3083 centesimas
693 3022 712 3083 5
737 3039 820 3083 neve
843 3019 1040 3104 plusquam
1065 3021 1106 3081 10
1129 3014 1305 3100 relinquat.

573 3415 623 3513 ÷
654 3418 849 3513 flores
881 3415 1149 3513 Sentiet.

381 3622 495 3686 Flores
518 3644 602 3708 quos
626 3621 693 3687 fert
716 3622 952 3689 Sambucus
974 3621 1109 3707 nigra,
1135 3619 1236 3684 Lms.
1257 3619 1313 3704 Sp.
1329 3619 1375 3684 Pl.
1390 3620 1465 3697 269,

337 3733 535 3814 tempestate
581 3729 668 3795 sicca
709 3729 849 3808 collecti,
883 3729 1036 3795 celeriter
1070 3727 1194 3804 siccati,
1230 3748 1289 3812 per
1321 3725 1467 3791 cribrum

336 3835 459 3921 polline
482 3836 624 3901 liberati.

381 3979 459 4044 Flos
494 3980 655 4047 diametro
689 3983 915 4047 millimetrum
951 3979 1021 4044 iere
1052 3979 1082 4057 7,
1107 3976 1321 4043 bracteolulis
1345 3979 1364 4039 2
1388 3996 1467 4040 mox

335 4085 492 4166 deciduis,
529 4089 810 4176 actinomorphus,
845 4089 1019 4176 epigynus.
1067 4085 1165 4152 Calix
1197 4090 1339 4163 rotatus,
1364 4084 1466 4149 limbo

333 4195 623 4281 quinquepartito,
647 4197 715 4262 lobi
735 4195 979 4282 quodammodo
992 4194 1160 4279 trianguli,
1174 4193 1306 4258 virides.
1332 4189 1468 4259 Geroda
