3544 5050
859 557 925 619 394

472 751 521 848 ÷
554 752 752 849 Scittio
788 750 1027 873 Hydratis
1062 750 1231 844 tretici.

374 915 510 1000 Hydrus
544 914 672 979 kslicus
707 914 846 990 solutus,
882 913 976 977 cuius
1006 911 1238 977 centimetrum
1261 909 1454 976 cubicuml

326 1021 484 1085 convenit
507 1041 581 1084 cum
603 1019 698 1084 elesii
722 1019 881 1084 nonnulis
904 1019 1110 1084 centimetris
1134 1018 1258 1084 cubicis
1284 1022 1314 1082 4.

372 1146 496 1230 Liquor
517 1145 637 1210 coloris
661 1165 779 1230 expers
802 1145 856 1208 vel
879 1143 1060 1221 subflavus,
1072 1145 1190 1222 clamis,
1203 1144 1316 1209 odoris
1328 1165 1455 1229 expers,

326 1253 506 1317 recctionis
528 1252 625 1317 velde
647 1251 817 1316 eleslinee.
843 1251 978 1316 Pondus
1002 1252 1189 1337 specificum
1215 1254 1322 1329 1,180.

371 1359 556 1424 Solutionis
580 1359 746 1444 Hydretis
768 1359 869 1424 keiici
893 1359 1125 1424 centimetrum
1148 1359 1300 1423 cubicum
1318 1365 1335 1422 1
1353 1379 1457 1444 equae

326 1467 531 1532 centimetris
554 1466 678 1531 cubicis
703 1468 745 1531 20
768 1467 920 1542 mixtum,
944 1465 1059 1531 cddito
1082 1466 1168 1531 scidi
1183 1466 1334 1531 terterici
1349 1487 1457 1550 grum·

326 1579 415 1638 mete
441 1579 456 1636 1
482 1574 518 1637 in
540 1595 645 1660 squee
668 1573 872 1639 centimetris
895 1573 1020 1638 cubicis
1038 1573 1188 1650 5solut0,
1202 1573 1457 1658 praecipitatum

327 1680 448 1758 elbum,
472 1680 703 1766 crystallinum
727 1679 874 1764 deponit.

372 1787 502 1852 Solutio
538 1786 703 1871 Hydretis
737 1786 838 1851 kelici
872 1785 1039 1851 flemmsm
1068 1808 1136 1850 non
1159 1787 1325 1851 lucentem
1348 1787 1457 1851 colore

326 1893 414 1958 flevo
448 1916 490 1958 ne
520 1893 663 1971 inficiat;
696 1893 812 1958 eddito
836 1893 1068 1978 sulfohydrete
1091 1894 1287 1972 emmonic0,
1312 1897 1458 1958 tentum-

327 2001 426 2066 modo
443 2000 624 2066 subviridis
635 2001 712 2080 fiet;
732 2022 791 2086 per
802 2000 934 2065 acidum
949 2000 1238 2085 hydrochloricum
1250 2000 1345 2065 acide
1357 2000 1456 2076 iectu,

326 2113 420 2174 coctu
440 2108 529 2173 clere
552 2108 597 2172 sit
619 2109 805 2191 (silicates);
830 2108 939 2192 liquor
961 2107 1084 2184 acidus,
1102 2107 1458 2192 additoecidohydro-

327 2215 497 2292 sulfuricO,
509 2259 512 2267 -
522 2215 665 2299 speciem
688 2237 730 2279 ne
742 2219 848 2279 mutet
859 2235 866 2292 ;
888 2237 946 2298 per
958 2216 1159 2279 ammonium
1170 2236 1287 2280 rursus
1298 2214 1457 2280 elcelinus

326 2322 447 2398 fectus,
473 2342 532 2407 per
553 2341 622 2385 non
645 2322 755 2385 minus
770 2342 870 2405 quem
882 2322 998 2385 horem
1013 2325 1030 2384 l
1044 2321 1152 2386 clerus
1164 2321 1210 2386 sit
1220 2322 1456 2406 (clamiceium).

370 2429 501 2493 Solutio
533 2427 699 2513 Hydrstis
730 2427 843 2507 riclini,
869 2449 944 2491 cum
967 2428 1145 2493 solutionis
1169 2428 1322 2513 hydretis
1345 2427 1456 2492 celcici

326 2535 514 2620 quontitate
536 2535 643 2598 sexies
657 2538 753 2599 tante
763 2539 931 2612 concocta,
950 2534 1076 2599 filtreta
1088 2535 1246 2620 praebeat
1258 2535 1456 2600 solutionem

326 2641 479 2728 hydretis
501 2641 613 2706 celcici
635 2663 703 2705 non
726 2641 869 2726 emplius
892 2641 1073 2706 turbantis.

369 2748 554 2813 Solutionis
579 2747 744 2832 Hydratis
767 2747 869 2812 kalici
880 2748 1076 2812 centimetre
1088 2747 1203 2812 cubica
1217 2750 1235 2811 2
1247 2747 1333 2811 ccidi
1345 2747 1457 2812 nitrici

324 2855 422 2918 diluti
445 2855 650 2919 centimetris
674 2854 798 2920 cubicis
823 2857 843 2918 3
867 2859 900 2918 et
922 2876 1027 2939 equae
1051 2854 1256 2918 centimetris
1272 2853 1398 2918 cubicis
1414 2855 1456 2917 40

325 2961 440 3040 mixte,
460 2961 576 3026 addito
591 2962 715 3026 nitrete
727 2961 878 3046 berytico
890 2961 944 3025 vel
956 2961 1081 3026 nitrste
1092 2960 1273 3045 argentim,
1286 2981 1346 3044 per
1356 2960 1458 3024 horse

324 3074 453 3154 partem
473 3090 541 3132 non
564 3068 675 3133 minus
697 3089 797 3153 quem
820 3069 1036 3133 centesimam
1059 3068 1252 3133 vicesimam
1275 3068 1365 3132 clere
1378 3067 1456 3132 sint.

371 3175 556 3241 Solutionis
589 3175 753 3260 Hydretis
782 3176 882 3240 kelici
912 3176 1109 3242 centimetro
1133 3174 1248 3240 cubico
1273 3180 1290 3239 1
1315 3180 1350 3239 et
1371 3174 1459 3240 scidi

325 3282 476 3348 sulfurici
520 3282 726 3347 centimetris
760 3282 884 3346 cubicis
919 3283 1150 3347 3commixtis
1183 3281 1391 3368 refrigeretis
1429 3282 1457 3346 si

323 3389 456 3454 sulfstis
475 3388 593 3453 terrosi
615 3390 648 3472 (1
665 3415 698 3448 =
712 3392 747 3471 3)
766 3390 962 3454 centimetre
978 3389 1095 3454 cubica
1111 3391 1131 3453 3
1147 3387 1329 3474 prudenter
1345 3409 1457 3473 super-

324 3497 481 3581 imposita
503 3500 611 3574 erunt,
635 3500 779 3561 stratum
802 3496 931 3560 confine
953 3517 995 3560 ne
1018 3497 1193 3561 coloretur.

456 3760 506 3859 ÷
539 3763 738 3860 Sctutio
773 3765 1013 3885 Hydratis
1048 3765 1249 3858 natrici.

372 3925 509 4010 Hydrus
539 3925 686 3989 metricus
718 3925 857 4002 solutus,
889 3925 983 3990 cuius
1006 3925 1238 3989 centimetrum
1261 3923 1412 3988 cubicum
1438 3925 1455 3986 1

325 4031 482 4096 convenit
504 4054 578 4096 cum
601 4032 699 4096 elesii
722 4032 881 4097 normalis
904 4032 1110 4098 centimetris
1132 4031 1257 4096 cubicis
1280 4034 1310 4094 4.

369 4155 493 4241 Liquor
515 4157 636 4222 coloris
660 4178 778 4242 expers
801 4158 854 4222 vel
877 4156 1057 4233 subflavus
1071 4157 1188 4233 clerus,
1202 4155 1314 4220 odoris
1327 4175 1454 4239 expers,

324 4263 501 4327 reiectionis
526 4263 621 4328 valde
643 4263 812 4328 ulcolinne.
839 4265 972 4329 Pondus
996 4263 1184 4349 specifioum
1210 4265 1315 4335 mse.
