3466 5038
811 526 853 588 33

259 729 402 788 scentes.
437 721 538 799 Odor,
562 721 759 807 praesertim
783 719 892 784 calore
915 719 1076 797 adhibito,
1090 720 1254 805 proprius,
1268 743 1397 786 aroma-

259 831 365 908 ticus3
390 849 493 915 sapor
513 849 646 892 amarus
670 832 704 891 et
726 848 811 891 acer.

303 936 516 1001 Ammoniaci
550 935 670 1020 pulvis,
703 933 818 999 addita
849 934 1024 1012 ammonia,
1056 934 1199 998 colorem
1230 935 1395 1014 citrinum,

259 1044 377 1108 addito
400 1041 634 1128 hypochloribe
656 1041 797 1119 natrico‚
817 1041 955 1126 pulchre
972 1039 1110 1105 rubrum
1121 1041 1236 1106 trahit.
1263 1041 1398 1107 Ammo·

261 1151 395 1215 uiaoum
418 1171 493 1214 curn
515 1148 708 1233 decemplici
730 1169 837 1233 aquae
860 1147 1005 1233 pondere
1028 1152 1222 1213 concoctum
1234 1148 1397 1213 emulsum

260 1257 375 1322 album
388 1256 535 1342 praebet,
548 1255 646 1341 quod,
659 1255 774 1320 addita
786 1255 952 1320 solutione
964 1254 1118 1340 hydratis
1134 1255 1264 1332 natrici,
1277 1255 1397 1320 coloris

260 1362 555 1441 aurantiacoiusci,
591 1362 707 1427 addito
730 1361 880 1427 chloreto
903 1361 1034 1438 ferrico,
1058 1361 1179 1426 coloris
1202 1363 1325 1426 murini
1347 1363 1395 1428 fit.

307 1469 517 1535 Ammoniaci
536 1469 684 1555 pulveris
702 1490 853 1555 gramma
874 1470 890 1532 1
909 1468 938 1533 ei
954 1489 1028 1534 cum
1041 1469 1179 1554 spiritus
1191 1468 1397 1534 centimetris

261 1576 389 1642 cubicis
421 1579 463 1641 20
494 1581 689 1642 concoctum
723 1576 795 1653 erit,
831 1597 919 1661 pars,
954 1595 1039 1661 quae
1073 1575 1159 1640 solvi
1182 1596 1251 1640 nou
1274 1580 1395 1661 potest,

261 1683 389 1748 siccata
416 1683 536 1748 caloris
560 1682 667 1769 gradu
692 1684 780 1760 100⁰,
804 1682 1111 1766 milligrammatum
1134 1704 1177 1746 ne
1200 1683 1274 1767 plus
1297 1703 1397 1767 quam

264 1792 330 1855 350
354 1790 422 1861 sit,

309 1895 362 1960 Ad
400 1917 497 1961 usum
532 1896 795 1973 Ammoniacum,
829 1917 889 1982 per
923 1895 1045 1960 calcem
1079 1895 1191 1959 vivam
1226 1895 1395 1973 siccatum,

263 2002 448 2088 prudenter
476 2007 654 2068 contusum
684 2006 718 2067 et
748 2003 931 2067 contritum
953 2002 989 2066 in
1012 2001 1182 2087 pulverem
1202 2002 1289 2086 (B„)
1311 2001 1398 2066 redi-

264 2113 365 2194 gatur
388 2115 422 2174 et
446 2109 556 2174 cribro
578 2115 750 2195 purgetur.
775 2107 840 2189 Qui
863 2110 974 2194 pulvis
997 2108 1191 2173 combustus
1214 2109 1334 2174 cineris
1354 2130 1397 2172 ns

264 2203 340 2300 plus
363 2237 462 2301 quam
485 2220 598 2302 partes
621 2216 819 2280 centesimas
843 2219 862 2280 5
886 2215 1063 2301 relinquat.

311 2341 389 2404 Per
411 2341 568 2406 calcem
591 2341 732 2405 vivam
756 2340 1024 2405 servandum.

465 2647 515 2746 ·Ι·
548 2652 868 2771 tmyodalce
906 2653 1106 2747 dulces.

314 2825 449 2891 Semina
471 2849 557 2913 quae
580 2828 717 2913 praebet
748 2830 915 2894 Prunus
938 2828 1216 2914 Amygdalus,
1249 2827 1395 2906 STOKES,

269 2933 343 2997 Bot.
367 2933 449 2998 Mat.
473 2934 560 2998 Med.
584 2934 650 2999 111.
676 2937 750 2999 101.

314 3072 521 3140 Centimetra
543 3077 619 3162 plus
641 3078 752 3141 minus
777 3079 829 3156 2‚5
841 3079 972 3163 longae,
985 3077 1073 3141 latae
1087 3080 1149 3155 1‚5,
1167 3097 1297 3140 crassae
1309 3075 1396 3153 0:75.

272 3179 522 3262 Quodammodo
570 3182 704 3268 oblique
739 3183 1015 3268 oblongoovatuo‚
1051 3203 1269 3267 compressae,
1305 3181 1399 3267 apice

271 3292 376 3364 acuto,
409 3288 560 3372 margine
592 3286 723 3352 obtuso.
754 3289 1019 3374 Amygdalarum
1042 3293 1284 3352 maceratorum
1311 3291 1400 3352 testa

271 3395 416 3458 coriacea
457 3392 556 3458 facile
596 3394 728 3459 detrahi
767 3400 888 3479 potest.
935 3395 1037 3460 Testa
1071 3415 1187 3480 grosse
1220 3395 1256 3457 in
1292 3392 1399 3480 longi-

269 3499 417 3564 tudinem
438 3521 572 3586 rngosa,
596 3501 717 3566 coloris
740 3501 969 3579 cinnemomei,
994 3500 1089 3586 quasi
1103 3499 1225 3564 ‘farina
1244 3499 1398 3565 obducta.

273 3603 367 3670 Hilus
391 3606 575 3672 secundum
597 3609 781 3693 marginem
803 3607 933 3686 ductus,
958 3607 1094 3693 paulum
1117 3608 1266 3672 eminens
1279 3607 1399 3672 cristae

269 3709 384 3790 instar,
419 3735 439 3777 a
473 3717 569 3798 parte
602 3713 689 3798 apici
723 3715 910 3800 propinqua
936 3715 978 3779 ad
1013 3713 1084 3778 fore
1117 3713 1263 3778 modium
1285 3735 1398 3778 semen

271 3823 433 3883 extentus.
458 3819 574 3904 Repbe
598 3841 672 3884 cum
694 3821 763 3886 hilo
785 3821 906 3886 lineam
924 3827 1050 3885 rectam
1062 3819 1170 3897 efficit,
1181 3820 1218 3883 in
1230 3820 1398 3884 chalanem

269 3921 401 4001 desinit,
432 3946 516 4010 quae
541 3927 641 4010 paulo
667 3948 768 4012 supra
789 3927 890 3992 finem
911 3927 1104 3991 inferiorem
1128 3925 1264 3990 seminis
1288 3927 1398 4010 posita

272 4035 330 4094 est.
354 4029 500 4096 Chalaza
523 4030 596 4095 iere
618 4032 821 4112 orbicularis,
844 4035 1009 4099 diametro
1030 4033 1258 4097 millimetrum
1277 4030 1348 4095 fere
1368 4033 1398 4108 3,

271 4135 389 4200 coloris
398 4137 611 4213 obscurioris,
620 4137 655 4202 id
665 4141 753 4225 quod
766 4140 960 4225 praesertim
971 4140 1008 4204 in
1018 4145 1126 4205 testae
1135 4139 1399 4224 parteinteriore

271 4242 485 4326 conspicuum
508 4248 579 4318 est3
605 4264 622 4307 e
645 4245 777 4311 chalaza
799 4248 894 4312 nervi
915 4247 986 4312 fere
1000 4249 1040 4311 16
1053 4245 1175 4311 coloris
1187 4242 1398 4318 obscurioris,

1314 4398 1330 4449 5
