3582 5034
888 501 952 563 269

399 697 435 762 Si
466 696 539 762 Olei
571 694 696 760 iecoris
727 694 830 758 Aselli
861 695 968 779 guttis
991 693 1171 770 nonnullis,
1198 715 1283 779 quae
1306 691 1342 758 in
1364 693 1487 759 lamina

353 803 562 890 porcellanea
584 800 788 879 effluxerint,
822 799 909 867 acidi
932 799 1085 866 sulfur-iai
1107 803 1206 886 gutta
1230 805 1247 864 1
1274 799 1390 865 addita
1413 801 1486 879 erit,

353 933 419 997 quo
451 911 524 976 loco
554 908 700 994 liquores
720 929 756 972 ee
777 907 991 992 contigerint,
1016 907 1125 972 oleum
1147 907 1291 973 colorem
1303 906 1488 974 violaceum

354 1017 474 1094 trahet,
497 1015 555 1102 qui
576 1016 613 1079 in
635 1013 768 1080 fuscum
791 1014 959 1080 transibit.

399 1123 470 1188 Olei
494 1123 618 1189 Ieeoris
641 1120 746 1187 Aseni
769 1121 966 1186 centimetro
983 1120 1100 1188 cubico
1121 1123 1138 1184 l
1159 1144 1234 1188 eum
1246 1121 1332 1187 acidi
1344 1120 1488 1186 nitroso-

354 1229 465 1296 nitrici
483 1228 591 1314 guttis
608 1230 872 1314 3conquaesat0,
886 1228 993 1294 mixta
1004 1228 1149 1294 colorem
1159 1228 1355 1306 latericium,
1368 1226 1488 1293 deinde

354 1334 576 1402 fuscoflavum
600 1335 749 1400 trahunt.

399 1443 517 1509 Oleum
540 1442 664 1508 Ieeoris
676 1442 780 1506 Aselli
792 1442 902 1508 calore
912 1441 1030 1529 glaciei
1042 1441 1257 1528 liquescentis
1268 1442 1432 1528 liquidum
1444 1443 1489 1508 eit

354 1556 388 1616 et
410 1550 547 1615 omnino
569 1549 662 1614 nulla
683 1553 743 1613 aut
766 1549 966 1635 paucissima
989 1570 1094 1636 grana
1116 1548 1313 1634 crystallina
1325 1555 1487 1615 secernat.

400 1657 519 1723 Oleum
548 1655 673 1721 Ieeoris
703 1655 807 1721 Aselli
836 1658 987 1722 chartam
1010 1657 1270 1743 exploratoriam
1292 1657 1486 1735 eaemleam,

355 1763 477 1849 spiritu
517 1762 749 1841 madefactam,
792 1763 885 1828 nullo
918 1763 1029 1829 eolore
1063 1768 1122 1828 aut
1156 1768 1289 1828 tantum
1322 1764 1488 1829 aubrubro

356 1869 491 1936 inficiat.
526 1868 634 1934 Index
667 1869 953 1955 saponificationis
987 1892 1029 1935 ne
1063 1870 1108 1935 eit
1142 1870 1252 1935 minor
1280 1892 1379 1957 quam
1412 1873 1486 1935 180.

355 1976 462 2042 Index
483 1975 721 2054 indimetrieua,
745 1977 974 2062 experimento
995 1977 1032 2042 in
1054 1977 1333 2064 milligrammatie
1358 1980 1421 2042 100
1444 1978 1488 2043 ad

358 2086 421 2147 120
451 2106 511 2169 per
540 2083 657 2148 horam
687 2083 893 2161 continuam,
925 2106 967 2150 ne
998 2084 1043 2150 sit
1065 2085 1175 2149 minor
1196 2105 1296 2170 quam
1316 2086 1380 2150 163
1402 2105 1487 2148 neve

354 2189 461 2256 maior
481 2211 582 2276 quam
606 2193 680 2259 182.

819 2473 1023 2488 -ῌ

337 2695 385 2793 -Ι-
419 2699 557 2794 oleum
589 2698 1013 2794 *nonusnullum
1045 2701 1245 2794 Benzerte
1272 2701 1431 2795 territa.

603 2894 729 2963 oleum
752 2895 890 2963 Ieeerls
913 2893 1028 2963 Arelli
1051 2895 1242 2964 ferratum.

403 3053 504 3120 Solve

454 3166 624 3219 Bannatia
643 3167 762 3220 nutriet
783 3167 919 3240 partes
940 3167 1023 3220 tres
1058 3207 1385 3222 .........
1473 3162 1491 3220 3

358 3279 393 3322 m

455 3373 567 3436 Aquae
588 3367 776 3444 partibus
797 3366 1023 3444 quindecim
1057 3411 1385 3428 .........
1455 3366 1491 3424 15

403 3481 533 3563 Quibus
556 3482 675 3548 solutis
698 3482 784 3548 adde
807 3483 931 3548 mixtae

456 3594 1056 3668 Bolutlonlaohloratllerrleipartea
1077 3588 1172 3648 duaa
1193 3609 1275 3648 eum
1296 3587 1392 3646 deci·

496 3688 566 3747 mia
593 3694 788 3765 quattuor
815 3731 1383 3749 ...............
1443 3687 1490 3757 2,4

359 3788 393 3849 et

456 3899 568 3960 Aquae
592 3897 731 3969 partes
752 3893 905 3969 viginti
925 3893 1098 3969 quinque
1138 3933 1386 3951 .......
1454 3890 1492 3948 25

405 4007 663 4094 Praecipitatum
685 4009 860 4075 collectum
884 4009 919 4072 in
934 4008 1060 4073 filtrum
1074 4029 1160 4094 aqua
1171 4007 1278 4085 ablue,
1291 4005 1371 4070 dum
1381 4004 1491 4090 liquor

358 4113 507 4180 defluens
541 4115 657 4181 addito
690 4115 815 4180 nitrate
844 4115 1016 4201 argentico
1045 4137 1115 4180 non
1149 4114 1292 4200 amplius
1325 4110 1488 4178 turbetur.

359 4219 512 4306 Liquoris
529 4221 821 4309 quamplurimum
832 4243 967 4288 remove
978 4221 1103 4289 filtrum
1114 4227 1214 4308 atque
1225 4218 1488 4307 praecipitatum,
