3466 5038
885 447 925 509 16

336 637 521 701 ammoniae
541 642 636 702 tanta
656 639 853 730 quantitate,
877 645 915 704 ut
939 641 996 703 vix
1019 641 1132 705 acidae
1155 643 1333 706 reactionis
1346 644 1399 718 sit,
1424 665 1465 706 ne

337 744 452 808 addito
482 745 577 809 acido
601 746 871 831 hydrosuliurico
895 769 978 812 neve
1002 749 1125 812 nitrate
1149 748 1300 833 barytico
1323 749 1465 832 speciem

336 857 450 928 mutet,
484 874 568 916 neve
599 853 706 936 magis
740 853 954 917 chloroiormi
978 854 1174 918 centimetra
1196 854 1311 918 cubica
1324 857 1365 930 2,
1390 875 1464 919 cum
1567 845 1569 850 ’

337 959 433 1022 huius
465 959 603 1043 liquoris
633 960 839 1025 centimetris
870 959 994 1024 cubicis
1022 965 1041 1024 5
1065 965 1295 1045 conquassata,
1320 960 1464 1024 colorem

336 1064 458 1128 flavum
494 1067 631 1130 trahant
664 1066 861 1149 (bromium),
898 1089 990 1144 neve,
1026 1067 1141 1130 addita
1175 1067 1314 1131 chloreti
1353 1067 1463 1132 ferrici

335 1177 432 1255 gutta
458 1177 485 1248 1,
511 1173 693 1237 violaceum
717 1175 864 1256 (acidam
887 1175 1158 1259 hydroiodicam).

381 1279 612 1363 Praecipitato,
638 1281 734 1346 Acidi
758 1281 1006 1366 hydrobromici
1027 1282 1261 1347 centimetrum
1275 1279 1426 1344 cubicum
1445 1285 1460 1343 1

334 1385 502 1449 miscendo
532 1385 666 1450 uitratis
697 1389 859 1472 argentini
892 1388 1098 1451 centimetris
1121 1386 1246 1452 cubicis
1271 1391 1311 1450 15
1335 1391 1461 1472 parato,

334 1491 471 1556 collecto
494 1497 527 1556 et
550 1492 665 1557 abluto
685 1493 763 1557 dum
783 1516 869 1579 aqua
888 1494 1003 1559 addito
1026 1494 1176 1558 brometo
1197 1493 1306 1558 kalico
1324 1496 1464 1575 (1:10)

335 1620 403 1662 non
426 1599 567 1682 amplius
591 1601 752 1677 turbetur,
777 1623 837 1685 per
859 1602 960 1665 horae
984 1606 1112 1685 partem
1135 1600 1364 1664 duodecimam
1387 1620 1462 1663 cum

335 1704 523 1769 carbonatis
564 1707 739 1771 ammonici
777 1706 982 1771 centimetris
1017 1705 1141 1771 cubicis
1176 1710 1195 1769 5
1230 1709 1460 1791 conquassato,

335 1811 473 1896 liquoris
506 1812 555 1876 ita
578 1813 686 1896 parati
711 1813 846 1890 filtrata,
875 1813 990 1878 addito
1012 1811 1161 1876 brometo
1181 1813 1290 1878 kalico
1313 1815 1461 1894 (1:10),

333 1919 422 1982 clara
445 1918 513 1982 sint
537 1919 678 2002 (acidum
701 1919 1004 2003 hydrochloricum).

377 2025 473 2089 Acidi
504 2025 749 2110 hydrobromici
780 2027 1028 2091 centrimetrum
1059 2027 1212 2092 cubicum
1237 2030 1253 2089 1
1277 2046 1353 2090 cum
1375 2025 1461 2090 acidi

333 2132 445 2196 uitrici
479 2133 674 2196 centimetro
715 2133 831 2197 cubico
867 2137 884 2196 l
921 2137 1114 2199 concoctum
1149 2137 1192 2207 et,
1228 2131 1284 2196 ubi
1318 2131 1459 2208 refrixit,

331 2239 497 2302 ammonia
530 2243 818 2322 supernaturatum
852 2238 967 2303 addita
995 2239 1141 2301 mixtura
1172 2227 1367 2322 magnesiae
1384 2243 1460 2323 post

332 2366 373 2408 ne
396 2346 511 2408 horam
536 2345 669 2430 quidem
692 2366 792 2408 unam
817 2345 970 2409 turbetur
991 2344 1138 2429 (acidam
1154 2343 1435 2429 pharpharicum).

376 2451 444 2516 Gar
467 2452 577 2515 oriens
600 2473 618 2514 e
641 2451 724 2515 zinci
748 2452 858 2515 frusto
881 2455 1038 2535 reugente
1057 2451 1091 2514 in
1110 2449 1322 2514 mixtaAcidi
1336 2449 1457 2534 hydro-

332 2558 468 2622 bromici
493 2559 688 2624 centimetra
710 2557 825 2623 cubica
849 2561 869 2622 3
894 2565 927 2624 et
952 2579 1057 2642 aquae
1079 2556 1277 2622 centimetra
1299 2556 1413 2622 cubica
1437 2559 1458 2620 3

330 2665 480 2729 chartam
500 2665 655 2742 bibulam,
676 2665 825 2729 chloreto
837 2665 1078 2750 hydrargyrico
1092 2663 1323 2740 madefactam,
1336 2663 1457 2728 flavam

330 2793 371 2834 ne
393 2771 512 2835 reddat
534 2772 623 2837 intra
646 2773 746 2836 horae
769 2777 898 2856 partem
921 2776 1083 2856 quartam.

372 2877 468 2941 Acidi
510 2877 756 2963 hydrobromici
798 2879 993 2943 centimetra
1030 2876 1145 2942 cubica
1180 2881 1199 2941 5
1235 2883 1272 2941 ut
1306 2881 1456 2941 neutrius

329 2985 506 3048 coactionis
548 2987 626 3061 sint,
669 2986 764 3050 alcali
800 2986 957 3050 normalis
998 2985 1212 3049 centrimetra
1253 2984 1368 3048 cubica
1414 2986 1455 3048 20

329 3092 510 3174 requirant.

373 3201 403 3260 A
433 3198 525 3262 luce
558 3203 770 3262 remotum
801 3203 1016 3263 servetur.

466 3603 515 3700 -Ι-
548 3605 758 3699 licitum
793 3605 1264 3724 hydrochloricum.

438 3783 562 3867 Liquor
584 3787 743 3846 constans
767 3779 840 3847 HC}
866 3782 1017 3868 partibus
1041 3785 1082 3846 25
1106 3787 1140 3846 et
1163 3803 1267 3866 aquae
1292 3783 1343 3846 75.

371 3943 496 4028 Liquor
517 3943 637 4006 coloris
656 3963 782 4026 expers,
812 3943 930 4018 clarus,
958 3942 1087 4026 saporis
1107 3941 1262 4026 peracidi,
1288 3942 1345 4026 qui
1368 3940 1452 4004 ciale-

327 4053 436 4114 iactus
460 4053 552 4113 totus
575 4048 721 4112 volatilis
743 4049 791 4113 fit.
839 4048 973 4142 Pondus
996 4049 1184 4133 specificam
1211 4050 1317 4126 1,126.

368 4155 508 4219 Acidum
543 4155 831 4239 hydrochloricum
866 4176 932 4219 una
959 4177 1034 4219 cum
1058 4159 1316 4240 permanganate
1340 4154 1449 4219 kaiico
