3532 5034
867 527 932 590 466

333 721 469 807 agnosci
491 721 639 807 possint;
664 723 700 785 20
722 721 857 786 cellulas
881 721 1147 808 mucilaginosas‚
1169 721 1290 786 multas
1302 720 1469 786 diametro

335 830 399 891 250
411 828 453 891 ad
466 830 531 892 350
542 851 577 905 μ,
599 826 669 892 fere
680 827 786 892 altero
799 832 896 893 tanto
908 827 1050 894 maiores
1061 829 1190 895 cellulis
1202 828 1316 914 amyli,
1327 848 1468 914 prorsus

333 934 486 1020 impletas
520 955 630 998 massa
665 933 914 1021 mucilaginosa,
950 956 1044 1020 quae,
1080 935 1277 1021 praesertim
1300 935 1336 999 in
1359 939 1468 1000 strato

333 1041 416 1106 satis
450 1061 562 1105 crasso
584 1039 656 1104 lero
679 1041 789 1105 medio
812 1041 900 1106 inter
924 1045 1075 1107 centrum
1099 1046 1132 1107 et
1156 1041 1350 1127 marginem,
1374 1041 1468 1107 iodio

334 1148 458 1224 addito,
493 1147 638 1212 colorem
659 1147 791 1214 luscum
822 1149 943 1226 trahit3
975 1170 1073 1234 saepe
1096 1149 1131 1212 in
1155 1149 1264 1214 medio
1287 1148 1468 1214 fasciculus

333 1253 510 1340 raphidum
533 1255 753 1332 minimarum,
779 1255 813 1318 in
830 1254 1023 1319 membrana
1035 1276 1118 1340 opus
1129 1255 1343 1320 reticulatum
1354 1261 1465 1334 tenue,

334 1362 472 1427 maculis
494 1361 753 1448 quinquangulis
774 1362 826 1427 vel
845 1361 1036 1448 sexangulis
1052 1361 1239 1447 (inquisitio
1250 1383 1311 1448 per
1320 1365 1467 1448 aquam).

335 1467 482 1534 Cellulae
501 1468 688 1546 suberosac‚
708 1469 901 1554 plerumque
920 1469 956 1532 in
974 1469 1092 1555 globos
1103 1469 1269 1547 collectae,
1282 1468 1468 1555 quinquan-

335 1576 432 1662 gulae
477 1576 532 1640 vel
575 1576 785 1660 sexangulae,
831 1575 1032 1641 membranis
1077 1575 1243 1655 tenuibus,
1286 1577 1469 1642 clarissime

335 1681 448 1748 fuscis.
478 1681 647 1769 Raphides
674 1683 812 1748 solutae.
859 1683 948 1748 Vasa
977 1683 1114 1769 spiralia
1147 1689 1182 1749 et
1215 1704 1296 1748 vasa
1328 1682 1469 1749 retifera

334 1811 514 1874 eorumque
536 1788 697 1855 fasciculi.

379 1896 471 1962 Odor
494 1897 622 1974 nullus;
647 1895 893 1982 superlatum,
919 1897 1189 1982 mucilaginosus.

379 2005 547 2070 Tuberum
570 2004 671 2068 Saleb
692 2003 803 2091 pulvis
823 2005 1016 2070 combustus
1036 2005 1155 2071 cineris
1175 2027 1217 2070 ne
1236 2004 1346 2070 minus
1366 2026 1468 2090 quam

335 2117 447 2198 partes
470 2111 668 2177 centesimas
695 2115 746 2188 1‚5
770 2133 854 2176 neve
878 2111 954 2197 plus
978 2134 1077 2197 quam
1102 2114 1156 2188 4‚o
1180 2112 1355 2198 relinquat.

761 2621 1038 2740 linquente.

379 2799 570 2884 Unguenta,
594 2799 660 2864 nisi
679 2799 776 2864 aliter
799 2798 1040 2884 praescriptum
1063 2799 1135 2876 erit,
1160 2798 1209 2862 ita
1228 2803 1404 2883 parentur:

381 2909 563 2984 Elementa,
598 2927 682 2992 quae
716 2905 877 2990 liquefieri
911 2909 1085 2990 nequeant,
1121 2911 1200 2970 anto
1234 2905 1269 2968 in
1296 2905 1466 2989 pulverem

334 3013 567 3078 tenuissimum
588 3012 794 3098 redigantur.

379 3120 561 3206 Unguenta
591 3119 620 3184 si
645 3118 888 3204 liquefaciendo
922 3124 1092 3204 parantur,
1128 3118 1234 3184 mixta
1267 3118 1346 3182 dum
1368 3117 1466 3182 refri-

333 3228 444 3292 xerint
467 3227 647 3312 agitentur.

378 3329 561 3415 Unguenta
602 3350 745 3394 messam
786 3351 923 3414 prorsus
961 3331 1166 3416 aequabilem
1200 3329 1360 3396 efficiant
1382 3353 1467 3396 neve

334 3436 468 3501 rancide
492 3437 612 3502 oleant.

379 3542 453 3607 Nisi
466 3541 670 3607 contrarium
682 3546 848 3608 statutum
859 3545 932 3622 erit,
945 3549 1118 3631 unguenta
1129 3550 1246 3631 perata
1254 3545 1465 3611 adesselicet.
1558 3525 1567 3532 ⁸

379 3651 420 3714 In
450 3649 631 3734 unguentis
656 3650 698 3713 ad
722 3672 819 3716 usum
842 3651 877 3715 in
900 3652 1039 3717 coloniis
1062 3652 1240 3718 destinatis
1264 3674 1325 3738 pro
1348 3651 1467 3738 Adipis

334 3755 423 3821 suilli
457 3755 511 3818 vol
544 3755 692 3820 Vaselini
727 3758 879 3840 partibus
913 3759 1103 3824 centesimis
1127 3762 1170 3824 20
1193 3760 1235 3823 ad
1259 3762 1302 3824 30
1324 3758 1467 3824 totidem

335 3865 447 3948 partes
471 3860 575 3926 Corae
598 3861 705 3927 flavae
728 3868 762 3927 et
786 3863 944 3930 Paraffini
967 3866 1128 3931 substitui
1150 3866 1237 3931 licet.

382 3985 615 4072 Unguenta
648 4009 668 4051 a
702 3988 797 4054 luce
831 3997 997 4056 remota
1031 3997 1275 4056 serventur.

801 4273 1003 4282 ——.-..-—-
