3530 5026
889 504 951 566 101

354 698 481 763 formae
503 698 578 784 plus
601 698 755 762 minusve
778 696 950 783 oblongae,
976 718 1130 783 magnam
1143 701 1271 782 partem
1283 697 1484 763 membranis

353 803 456 870 fuscis
477 804 656 870 sedetiam
679 804 800 870 coloris
823 804 1032 889 expertibus3
1056 804 1140 869 aliae
1149 804 1333 890 completae
1346 804 1484 890 pulvere

351 912 555 998 crystallina
590 912 693 990 tenui,
717 910 801 976 aliae
824 912 935 998 amylo
959 912 1090 997 exiguo.
1137 909 1284 977 cellulae
1306 910 1484 978 suberosae

351 1019 619 1105 quinquangulus
652 1017 694 1083 ad
729 1017 946 1104 sexangulas3
981 1023 1128 1084 ceterum
1151 1019 1277 1084 cellulis
1300 1020 1484 1105 parenohy·

352 1125 482 1191 matiois
503 1125 705 1190 membranis
727 1125 831 1192 fuscis
854 1125 1050 1190 simillimae.
1084 1124 1198 1211 Amyli
1221 1145 1355 1210 parum3
1379 1147 1484 1211 grana

352 1232 545 1318 plerumque
568 1233 740 1318 simplicia,
764 1231 928 1297 diametm
951 1231 994 1298 ad
1018 1235 1058 1297 21
1072 1257 1107 1310 μ,
1121 1231 1191 1297 fere
1203 1232 1352 1318 globosa,
1365 1234 1483 1298 nucleo

352 1339 508 1419 centrali3
550 1340 712 1405 nonnulla
745 1339 939 1423 composita,
974 1339 1152 1424 diadelpha
1185 1338 1228 1404 ad
1262 1339 1481 1424 tetradelpha.

352 1444 500 1511 Cellulae
530 1446 863 1532 solerenchymatioae
886 1445 1154 1511 extremitatibus
1177 1445 1306 1512 obtusis
1327 1446 1364 1510 in
1387 1444 1483 1512 Cor-

352 1553 437 1618 tice
468 1551 719 1619 Oinchonae
749 1552 1034 1618 suocirubrae
1065 1574 1133 1617 non
1165 1552 1297 1619 adsunt.
1322 1553 1364 1617 In
1387 1553 1482 1618 acido

351 1657 512 1726 sulfurico
527 1660 674 1746 partium
686 1661 940 1726 centesimarum
953 1662 995 1725 66
1008 1660 1062 1725 vel
1073 1661 1109 1724 in
1120 1659 1215 1725 acido
1228 1658 1483 1746 hydroohlorioo

350 1766 453 1831 fibrae
484 1767 702 1853 pachytiohae
724 1767 815 1832 intra
837 1768 937 1832 horas
960 1765 1043 1832 duas
1065 1767 1210 1833 colorem
1233 1766 1307 1852 plus
1331 1767 1483 1831 minusve

351 1873 541 1939 coccineum
564 1875 713 1940 trahunt.
849 1859 852 1865 Δ

397 1980 540 2047 Gortiois
551 1980 679 2046 Chiaca
689 1981 835 2046 fiustulo
845 1981 882 2044 in
895 1980 1012 2046 tubulo
1023 1981 1140 2058 vitreo,
1153 1980 1247 2046 cuius
1258 1980 1364 2045 altera
1376 1984 1483 2045 extre-

352 2087 451 2152 mitas
473 2087 586 2154 clausa
605 2094 665 2166 est,
686 2087 891 2166 candefacto,
913 2088 971 2172 pix
988 2087 1114 2173 liquida
1128 2087 1281 2153 coccinea
1292 2085 1481 2171 deponitur.

396 2193 497 2272 Odor,
521 2195 684 2280 imprimis
706 2194 840 2260 corticis
862 2215 1040 2271 ramorum,
1066 2194 1237 2278 proprius3
1269 2192 1402 2258 corticis
1425 2191 1483 2256 diu

349 2301 475 2366 servati
498 2301 581 2366 odor
604 2302 790 2376 evanescit;
814 2322 913 2386 sapor
935 2321 1078 2376 amarus,
1102 2299 1325 2385 adstringens.

396 2405 539 2474 Cortiois
574 2407 702 2475 Chinao
736 2409 846 2495 pulvis
880 2429 986 2494 aquae
1019 2429 1061 2471 ne
1091 2407 1261 2472 contineat
1285 2405 1482 2491 plusquam

351 2521 463 2601 partes
485 2517 683 2581 centesimas
706 2519 736 2594 8,
761 2515 955 2581 combustus
977 2515 1098 2580 cineris
1117 2535 1158 2578 ne
1171 2514 1356 2599 plusquam
1368 2517 1481 2598 partes

351 2622 548 2688 centesimas
571 2624 592 2686 4
614 2623 791 2708 relinquat.

396 2727 522 2794 Cortex
545 2728 673 2796 Chinae
695 2729 952 2796 alcaloideorum
974 2728 1307 2814 partesuentesimas
1319 2726 1483 2792 nominas

350 2856 450 2921 quam
463 2838 482 2901 6
495 2837 675 2902 contineat.
687 2837 955 2902 Alcaloideorum
966 2840 1129 2922 quantum
1140 2835 1230 2912 insit,
1243 2835 1293 2900 ita
1303 2833 1480 2899 statuitur:

352 2940 495 3008 Gortiois
519 2942 646 3009 Chinae
670 2943 816 3029 pulveris
839 2943 926 3029 (Bw)
949 2948 1135 3029 grammata
1154 2943 1184 3020 6,
1205 2939 1483 3028 hydratiscalcici

350 3049 545 3134 gnammatis
588 3053 607 3114 2
649 3051 763 3128 mixta,
798 3050 932 3115 inmitte
965 3050 1001 3114 in
1035 3048 1252 3114 chloroformi
1286 3048 1483 3114 centimetra

350 3155 466 3221 oubiea
500 3159 553 3234 90,
588 3163 666 3223 ante
696 3162 918 3243 conquassata
951 3178 1026 3222 oum
1057 3155 1242 3221 ammoniae
1276 3154 1482 3220 centimetris

351 3260 475 3328 cubicis
518 3265 570 3328 12.
617 3262 746 3343 Quibus
781 3253 973 3348 frequenter
1008 3261 1206 3348 fortiterque
1239 3259 1479 3347 conquassatis,

351 3373 429 3453 post
451 3369 551 3434 horas
575 3372 595 3434 3
618 3369 880 3436 chloroformum
903 3390 963 3455 per
984 3368 1110 3434 filtrum
1134 3368 1257 3434 siccum
1280 3367 1378 3444 filtra,
1403 3388 1483 3432 cura

351 3475 466 3541 habita
487 3482 527 3542 ut
554 3499 653 3562 quam
676 3477 850 3540 minimum
873 3481 1084 3561 evaporatur.
1110 3475 1138 3539 Ε
1160 3475 1362 3540 filtratorum
1379 3474 1483 3538 centi-

351 3583 467 3648 metris
489 3583 614 3649 cubicis
639 3583 680 3649 75
700 3585 754 3668 (τ.
771 3582 916 3650 Corticis
939 3582 1068 3648 Chinae
1079 3581 1226 3667 pulveris
1238 3579 1434 3666 grammmis
1447 3581 1482 3662 5)

351 3689 612 3755 chloroformum
631 3690 858 3756 destillatione
876 3711 1020 3768 remove,
1041 3690 1157 3776 iisque,
1175 3709 1259 3774 quae
1272 3691 1481 3772 supererunt,

351 3795 387 3860 in
417 3797 556 3883 spiritus
578 3797 784 3862 centimetris
807 3796 933 3863 cubicis
956 3795 1127 3860 nonnullis
1150 3793 1269 3860 solutis
1292 3792 1377 3859 adde
1396 3791 1482 3857 acidi

352 3901 598 3988 hydrochlorici
615 3902 848 3968 deoinormalis
860 3903 1057 3967 centimetra
1068 3901 1183 3968 oubioa
1196 3904 1248 3968 20.
1273 3901 1481 3966 Solutionem

351 4009 605 4076 alcaloideorum
628 4009 756 4076 acidam
778 4030 839 4095 per
860 4009 986 4074 filtrum
1008 4031 1094 4095 aqua
1113 4007 1336 4073 madefactum
1347 4006 1482 4070 filtraet

352 4117 463 4200 parvis
486 4139 592 4203 aquae
614 4115 859 4203 quantitatibus
881 4116 979 4180 ablue
1002 4115 1082 4180 dum
1104 4115 1214 4201 liquor
1233 4113 1383 4179 defluens
1401 4130 1481 4175 nen-

352 4223 434 4290 trius
456 4225 636 4290 reaotionis
659 4231 694 4290 et
715 4223 906 4290 alcaloideis
925 4221 1011 4287 liber
1021 4223 1075 4300 sit,
1089 4243 1156 4308 quo
1168 4219 1260 4286 facto
1272 4220 1397 4284 filtrata
1410 4220 1481 4281 tota
