3530 5026
874 486 917 548 98

325 676 445 756 form,
468 678 503 741 in
526 677 621 742 acido
644 678 769 742 acetico
789 684 1015 754 concentratc‚
1050 679 1087 742 in
1110 678 1277 742 solutione
1301 677 1455 763 hydratis

325 785 446 848 natrici
468 783 576 861 facile,
600 784 635 847 in
658 784 792 848 acthere
816 784 957 870 petrolei
979 807 1048 850 non
1071 789 1181 849 totum
1204 785 1358 849 solvitur.

372 889 573 975 Colophonii
599 890 745 976 pulveris
768 913 918 976 gramma
941 896 958 954 l
982 892 1021 968 si,
1044 892 1137 955 nullo
1159 890 1270 956 calore
1291 890 1454 968 adhibite,

325 999 362 1063 in
379 997 557 1062 solutionis
577 997 730 1082 hydratis
748 997 850 1062 kalici
869 997 1071 1064 alcoholicae
1090 998 1332 1063 seminormalis
1352 998 1456 1062 centi-

325 1106 441 1171 metris
475 1104 600 1169 cubicis
636 1107 677 1169 25
708 1106 855 1170 solutum
885 1107 959 1184 erit,
982 1105 1113 1182 deinde,
1137 1104 1455 1190 phenolphthaleino

325 1212 450 1288 addito,
480 1211 747 1276 retrotitrabitur
780 1233 840 1298 per
872 1212 1003 1276 acidum
1037 1211 1327 1297 hydrochloricum
1361 1211 1455 1275 semi-

325 1318 474 1384 normale
496 1318 575 1382 dum
598 1318 691 1383 color
711 1318 812 1383 ruber
833 1319 932 1405 plane
954 1319 1137 1394 evanuerit,
1154 1338 1223 1382 non
1234 1317 1344 1382 minus
1355 1338 1454 1402 quam

325 1425 521 1490 centimetra
543 1425 658 1490 cubica
682 1428 756 1504 l8‚6
783 1448 890 1512 neque
913 1426 1109 1512 plusquam
1134 1426 1209 1502 19,3
1232 1423 1453 1509 requirantur,

323 1532 413 1617 quod
436 1533 594 1596 convenit
615 1553 691 1597 cum
712 1533 823 1598 indice
846 1532 1072 1598 acidimetrico
1097 1534 1162 1597 180
1184 1530 1227 1594 ad
1253 1532 1326 1596 160.

623 1822 673 1920 ÷
707 1823 872 1920 ternu
907 1824 1071 1922 tersi.

369 1983 504 2052 Cornua
531 2007 662 2050 ramosa
684 2007 768 2071 quae
791 1985 860 2050 fert
891 1983 1056 2052 Cervus
1087 1983 1277 2069 Elaphus
1308 1983 1345 2048 L
1369 2005 1450 2049 mas.

368 2129 525 2194 Materies
547 2127 623 2193 alba
645 2129 698 2192 vel
721 2129 840 2214 grisea,
864 2129 899 2193 in
919 2129 1060 2194 circuitu
1079 2127 1195 2205 solida,
1215 2127 1307 2191 intra
1320 2126 1452 2191 cellulu-

322 2235 512 2322 spongiosa,
536 2240 695 2300 constans
719 2237 787 2300 tela
809 2235 968 2300 cellulosa
986 2235 1162 2300 cssificata.

367 2341 420 2406 Ad
442 2363 540 2407 usum
563 2343 865 2427 pharmaceuticum
888 2341 1038 2406 adhiberi
1061 2342 1138 2405 licet
1161 2345 1195 2405 et
1218 2337 1333 2406 Cornu
1352 2339 1451 2405 Cervi

322 2469 434 2513 rasum
457 2453 492 2513 st
514 2453 665 2514 ramenta
677 2449 813 2526 tortilia,
827 2448 1112 2513 intertrimentum
1124 2451 1256 2532 partum
1271 2447 1307 2511 in
1321 2446 1450 2513 rebuse

323 2576 427 2620 cornu
460 2555 550 2620 cervi
583 2557 758 2621 tornandis
787 2553 917 2641 (Cornu
948 2554 1048 2621 Cervi
1078 2555 1282 2638 tornatum);
1312 2575 1387 2618 rasa
1417 2558 1451 2617 et

323 2665 457 2727 tornata
478 2665 558 2726 ante
580 2662 802 2727 minutissime
823 2661 1028 2728 concidenda
1050 2665 1139 2726 sunt.

368 2767 499 2833 Cornus
530 2766 630 2834 Cervi
659 2769 793 2845 concisi,
824 2789 899 2833 cum
922 2789 1026 2853 aquae
1050 2767 1239 2853 quantitate
1260 2765 1450 2852 decemplici

323 2894 382 2958 per
410 2874 527 2939 horam
560 2879 576 2938 1
608 2875 767 2960 concocti,
791 2879 923 2939 tantum
947 2896 1025 2960 pars
1048 2873 1118 2938 fere
1141 2873 1269 2937 decima
1290 2871 1448 2951 solvitur3

322 2981 442 3072 quibus
476 2981 622 3047 decoctis
655 2982 698 3046 ad
733 2982 864 3067 pondus
894 2981 1049 3047 elementi
1078 2979 1220 3045 adhibiti
1250 2979 1448 3064 evaporatis,

321 3086 440 3152 deinde
451 3085 668 3172 refrigeratis,
682 3087 828 3174 gelatina
839 3089 980 3154 exsistet
991 3088 1112 3153 coloris
1119 3092 1154 3152 et
1162 3086 1274 3152 odoris
1282 3091 1315 3152 et
1323 3085 1450 3171 saporis

320 3191 391 3258 fere
414 3214 542 3280 expers.

364 3297 478 3365 Cornu
502 3299 602 3366 Cervi
626 3301 834 3367 combustum
858 3302 978 3367 cineris
1000 3322 1068 3366 non
1091 3301 1201 3365 minus
1224 3321 1322 3386 quam
1338 3303 1449 3384 partes

320 3406 518 3473 centesimas
540 3409 583 3472 40
605 3408 782 3494 relinquat.

785 3582 985 3591 ..—-—-—-—

573 3699 624 3797 ÷
658 3701 842 3798 Cortex
884 3702 1112 3822 Myrice.

367 3875 492 3944 Cortex
536 3879 652 3964 stirpis
694 3884 728 3944 et
770 3901 938 3944 ramorum
979 3900 1064 3964 quae
1105 3876 1243 3963 praebet
1287 3876 1338 3940 Al
1344 3876 1448 3961 yxia

321 3985 515 4064 stellata,
540 3987 652 4050 Roum
677 3991 712 4050 et
735 3985 887 4051 Senum.
909 3987 1000 4072 Syst.
1012 3984 1071 4050 IV.
1088 3986 1163 4061 439,
1182 3987 1319 4069 paratus
1331 3982 1446 4047 stratis
1531 4027 1533 4032 -

320 4093 478 4157 extremis
506 4093 627 4158 coloris
655 4093 787 4157 obscuri
816 4091 1027 4157 removendis
1049 4113 1070 4156 a
1092 4091 1253 4174 stirpibus
1277 4094 1311 4154 et
1334 4089 1444 4164 ramis,

320 4197 439 4263 deinde
462 4199 633 4264 tundendo
656 4201 778 4265 cortice
802 4222 823 4264 a
845 4199 938 4285 ligno
962 4198 1132 4265 solvendo.
