3584 5026
890 490 953 556 178

353 687 536 755 seminibus
558 709 627 752 non
649 689 728 752 ante
750 685 888 751 remotis
911 685 1046 771 paratis,
1070 706 1209 771 magnas
1232 691 1345 771 partes
1367 691 1482 773 agunt.

353 795 522 882 Imprimis
545 799 640 861 sunt:
667 795 711 861 1⁰.
735 793 870 859 seminis
892 792 1028 858 cellulae
1051 792 1271 878 epidermidis,
1284 794 1485 860 membranis

353 902 547 968 lateralibus
569 900 736 978 flexuosis,
749 900 837 966 clare
856 899 953 964 flavis
969 900 1015 966 sie
1027 906 1066 965 ut
1078 900 1288 964 membranae
1299 901 1483 978 interiores,

354 1010 533 1076 admodum
554 1006 755 1085 tumefactis,
779 1006 894 1073 stratis
917 1006 1012 1071 valde
1034 1006 1230 1091 conspicuis,
1247 1028 1485 1093 nonnunquam

355 1117 468 1203 parvis
490 1115 679 1182 eminentiis
701 1114 879 1201 papillatis,
903 1112 1117 1179 interioribus
1124 1133 1132 1192 ;
1155 1113 1200 1178 2⁰.
1225 1113 1363 1179 cellulae
1386 1113 1486 1179 endo·

356 1223 581 1309 spermaticae,
604 1221 872 1307 quinquangulae
895 1220 937 1285 ad
957 1220 1164 1306 sexangulae,
1187 1220 1387 1286 membranis
1406 1241 1486 1306 quo-

355 1330 532 1395 dammodo
566 1327 766 1406 tumefactis,
801 1327 922 1394 coloris
956 1325 1157 1412 expertibus,
1188 1325 1315 1392 lacunis
1337 1326 1485 1392 intercal·

355 1437 516 1503 lularibus
534 1437 644 1514 nullis,
668 1435 776 1522 guttis
795 1434 916 1500 oleosis
934 1433 1057 1512 multis,
1077 1433 1274 1518 praesertim
1292 1434 1327 1497 in
1344 1433 1486 1519 hydrate

356 1544 503 1622 chlorali,
528 1542 707 1608 admodum
731 1541 888 1607 coloratis
910 1540 1060 1606 carotino
1083 1562 1101 1604 e
1123 1538 1255 1605 fructus
1276 1539 1486 1605 membranae

356 1650 508 1736 partibus
529 1654 674 1736 recepto.

402 1758 518 1823 Partes
552 1756 667 1842 petioli
697 1761 731 1821 et
760 1755 871 1822 calicis
900 1793 932 1804 -
961 1755 1137 1841 epidermis
1160 1776 1235 1821 cum
1258 1755 1412 1822 otomatis
1434 1755 1487 1820 vel

356 1864 433 1951 pilis
455 1864 576 1950 parvis,
601 1863 702 1928 fibrae
725 1864 943 1949 pachytichae
965 1866 1076 1928 cetera
1093 1883 1273 1948 -quoque
1290 1862 1326 1927 in
1345 1861 1486 1949 pulveri-

357 1971 428 2048 bus,
451 1971 487 2035 in
510 1991 594 2056 quos
617 1977 769 2056 receptae
793 1974 881 2049 sunt,
907 1990 1029 2054 paucae
1041 1968 1268 2034 inveniuntur.
1282 1969 1346 2033 Per
1356 1968 1486 2035 acidum

356 2077 554 2144 sulfuricum
577 2075 700 2142 lortius
719 2077 905 2143 serotinum
924 2077 960 2141 in
979 2076 1115 2162 pulvere
1128 2075 1215 2142 sicco
1226 2076 1370 2141 colorem
1383 2075 1487 2141 trahit

355 2185 442 2252 clare
464 2185 661 2251 caeruleum.

403 2291 656 2377 Odor'exiguus,
671 2290 839 2376 proprius3
852 2312 959 2377 sapor,
972 2290 1134 2377 imprimis
1141 2290 1379 2375 placentarum,
1388 2311 1488 2355 urens

356 2418 446 2477 aeer3
471 2397 580 2484 pulvis
603 2395 904 2463 sternutamentum
928 2399 1141 2462 vehementer
1163 2396 1297 2463 excitat.

402 2503 579 2571 Fructibus
603 2502 735 2590 Capsiei
756 2505 897 2570 concisis
919 2526 994 2570 cum
1017 2504 1140 2590 spiritu
1157 2504 1334 2582 concoctis,
1347 2525 1431 2590 quae
1446 2504 1489 2569 de

358 2611 479 2697 spiritu
512 2614 694 2695 evaporato
728 2617 935 2697 euperenmt
970 2611 1090 2676 caloris
1122 2611 1228 2696 gradu
1254 2611 1333 2675 100⁰
1359 2611 1490 2688 siccata,

358 2717 500 2783 extracti
522 2722 635 2802 partes
658 2717 856 2782 centesimas
878 2739 947 2782 non
969 2717 1079 2782 minus
1102 2738 1201 2803 quam
1227 2719 1267 2781 10
1289 2716 1488 2802 relinquant.

403 2824 445 2888 In
475 2823 573 2888 India
605 2822 767 2888 Orientali
795 2822 1040 2889 Nederlandica
1063 2823 1205 2890 Fructus
1229 2822 1361 2908 Capsici
1384 2824 1490 2888 nomi-

359 2930 458 2996 nibus
482 2931 570 3017 tjabd
590 2935 625 2996 et
647 2931 775 2997 lombolc
798 2933 970 2995 vocantur.

523 3282 573 3380 ·l·
608 3287 843 3380 Fructus
892 3285 1245 3381 tastamenti.

405 3445 547 3510 Fructus
567 3467 650 3531 quos
670 3445 737 3511 fert
758 3447 974 3512 Elettaria
999 3445 1329 3524 Cardamomum,
1354 3447 1489 3524 Mares,

360 3552 396 3617 in
420 3551 538 3619 Trans.
561 3551 658 3618 Linn.
683 3553 757 3619 Soc.
782 3553 823 3621 X.
850 3557 969 3639 (1811)
989 3556 1063 3618 254.

406 3675 618 3762 Longitudo:
654 3679 689 3743 Μ
718 3705 751 3740 =
778 3679 970 3745 millimetra
1006 3680 1113 3756 10,95‚
1145 3679 1174 3760 Q
1203 3705 1237 3739 =
1265 3677 1491 3743 millimetrum

364 3785 438 3866 1,3;
473 3783 639 3850 latitudo:
664 3785 699 3849 M
727 3812 760 3846 =
788 3787 978 3852 millimetra
1002 3790 1065 3864 6,5‚
1090 3785 1117 3862 Q
1142 3813 1175 3846 =
1192 3784 1374 3850 millimetri
1397 3786 1490 3862 0,45;

361 3889 499 3956 rostello
554 3889 655 3969 bravi,
707 3891 873 3958 tubuloso.
921 3891 1077 3980 Capsum,
1123 3890 1490 3978 triquetrcprismatica,

361 3997 532 4076 lateribus,
563 3997 665 4082 apice,
691 3998 762 4063 basi
785 3999 924 4078 obtusis,
948 4000 1158 4077 trilocularis,
1184 3999 1309 4084 saeptis
1331 3998 1493 4063 membra-

361 4104 483 4183 naceis,
526 4104 688 4190 placentis
722 4107 926 4185 axillaribus,
968 4107 1076 4172 valvis
1111 4106 1271 4192 praedita,
1306 4104 1490 4184 loculicida,

362 4210 553 4290 dehiscens3
578 4212 696 4278 valvae
718 4213 895 4280 coriaceus.
920 4213 1118 4299 Superficies
1141 4213 1287 4279 exterior
1308 4212 1433 4299 glabra,
1456 4211 1493 4277 in
