3466 5038
331 513 370 562 Vl

310 714 394 778 quae
411 693 448 756 in
465 692 563 757 India
582 693 715 778 saepius
733 692 965 758 adhibeantur.
989 693 1131 780 Insuper
1148 695 1235 760 ratio
1254 696 1369 761 habita
1385 703 1436 762 est

308 800 476 864 variorum
494 799 730 864 elementorum
748 799 785 862 in
801 801 982 886 unguentis
1000 801 1156 885 parandis
1172 801 1435 868 adhibendorum

309 927 393 992 quae
415 906 545 970 varium
563 906 691 970 coelum
709 906 896 970 necessaria
917 907 1043 992 reddit3
1063 909 1162 972 simul
1180 909 1262 974 haec
1280 909 1435 975 Pharma-

307 1033 431 1099 copoea
448 1035 496 1090 ea,
516 1033 600 1096 quae
619 1035 700 1077 usus
718 1013 922 1077 coloniarum
941 1015 1097 1098 postulet,
1118 1036 1187 1079 non
1198 1017 1350 1101 neglecta
1362 1037 1435 1081 esse

306 1118 380 1183 aliis
401 1117 483 1184 locis
504 1115 640 1183 indicat.

72 1351 143 1408 ocae
162 1367 277 1421 corpora
352 1335 383 1398 6.
419 1331 516 1412 Quod
532 1331 576 1395 ad
587 1352 726 1418 corpora
737 1331 859 1396 attinet
873 1353 1013 1418 quorum
1028 1334 1268 1420 descriptiones
1284 1341 1435 1422 receptae

72 1441 267 1496 describantur.

105 3914 240 3968 [ditiones

74 4003 266 4058 dedat-landicc

101 4099 129 4146 el
146 4093 244 4146 latinu.

307 1444 395 1516 sunt,
406 1439 443 1502 in
454 1438 646 1502 universum
657 1438 820 1502 monitum
835 1438 880 1503 sit
891 1439 1055 1504 rationem
1067 1461 1140 1504 esse
1148 1440 1297 1505 habitam
1306 1441 1434 1506 deside-

306 1550 465 1623 ratorum,
485 1566 569 1630 quae
587 1543 684 1608 nobis
704 1545 890 1630 significata
909 1546 994 1624 sint;
1015 1568 1054 1611 eo
1073 1548 1212 1612 consilio
1234 1553 1273 1612 ut
1292 1570 1360 1613 non
1378 1570 1435 1613 ne-

303 1653 690 1739 glexerimus'corporum
701 1656 857 1715 naturam
868 1652 1057 1730 chemicam,
1070 1652 1252 1737 physicam,
1266 1654 1435 1738 physiolo-

306 1761 422 1846 gicam,
436 1781 501 1845 quo
512 1759 611 1823 modo
621 1758 739 1822 melius
751 1758 879 1821 servari
890 1759 1028 1844 possint,
1038 1759 1159 1835 omnia,
1168 1758 1289 1844 quibus
1296 1781 1435 1846 corpora

307 1869 411 1947 varia,
433 1867 568 1931 effectus
591 1864 708 1929 similis
730 1865 784 1929 vel
806 1863 923 1941 affinis,
946 1863 1078 1929 facilius
1100 1865 1276 1930 diiudicari
1294 1867 1434 1951 possint.

307 1975 464 2072 Omnium
496 1993 681 2058 corporum,
713 1993 797 2057 quae
826 1971 1103 2049 desiderarentur,
1135 1972 1375 2058 descriptiones
1405 1975 1434 2038 si

305 2081 552 2166 recepissemus,
580 2079 845 2164 Pharmacopoea
867 2077 972 2142 multo
995 2079 1101 2143 maior
1122 2078 1213 2144 iacta
1236 2085 1333 2145 esset.

352 2185 627 2272 Quandoquidem
658 2191 770 2249 autem
788 2184 871 2248 haec
890 2183 1156 2270 Pharmacopoea
1176 2183 1432 2250 fundamentum

308 2298 368 2370 est,
399 2294 436 2356 in
465 2315 530 2378 quo
561 2314 645 2378 opus
674 2297 874 2368 extruemus,
907 2294 941 2354 et
970 2289 1067 2354 nobis
1090 2290 1285 2356 mandatum
1309 2296 1370 2370 est,
1394 2297 1432 2357 ut

307 2401 487 2487 quotannis
516 2400 660 2464 codicem
682 2398 895 2482 suppleamus
917 2397 972 2461 vel
993 2401 1168 2474 mutemus,
1192 2398 1434 2464 medicamenta

307 2507 475 2584 nonnulla,
499 2505 596 2570 hodie
616 2525 714 2590 saepe
733 2503 893 2581 adhibita,
913 2503 1028 2568 deesse
1048 2503 1126 2568 inde
1145 2504 1304 2589 explicari
1323 2511 1435 2590 potest

308 2614 397 2702 quod
427 2613 536 2698 operis
565 2611 752 2686 editionem,
783 2609 913 2686 iterata,
945 2610 1038 2686 eheu,
1063 2609 1227 2674 sociorum
1249 2612 1434 2676 mutatione

308 2724 373 2787 iam
395 2721 453 2784 diu
474 2711 688 2795 retardatam,
712 2715 838 2780 diutius
860 2715 994 2790 differre
1015 2715 1193 2780 noluimus.

352 2825 522 2891 Nonnulla
545 2845 674 2910 quoque
697 2843 836 2908 corpora
854 2843 924 2886 non
942 2821 1183 2900 describuntur,
1205 2844 1290 2907 quae
1310 2823 1433 2888 utiam

308 2935 390 3000 satis
409 2932 467 2996 diu
485 2953 506 2995 a
524 2929 660 2995 medicis
679 2928 958 3014 praescribantur,
971 2933 1084 2992 tamen
1096 2928 1260 3013 quomodo
1273 2935 1434 3014 parentur

307 3063 375 3105 non
399 3040 449 3104 ita
476 3037 558 3102 satis
588 3040 719 3102 constat
744 3040 783 3099 ut
807 3035 894 3099 iuste
918 3039 952 3098 et
973 3039 1063 3099 recte
1086 3035 1243 3119 puritatis
1265 3035 1356 3120 leges
1378 3036 1434 3100 de·

306 3146 495 3212 scribantur
516 3144 571 3208 vel
592 3143 732 3228 parandi
756 3141 874 3204 modus
892 3140 1068 3204 indicetur.
1088 3141 1285 3226 Plerumque
1295 3163 1434 3226 corpora

308 3259 388 3319 sunt
427 3252 463 3315 in
502 3249 645 3314 officinis
682 3252 809 3333 parata,
849 3268 934 3332 quae
973 3251 1064 3312 certo
1102 3247 1237 3312 nomine
1280 3253 1433 3333 prostant

307 3380 464 3446 quaeque,
489 3361 563 3421 tuta
585 3354 748 3440 praesidio
767 3354 879 3438 legum
898 3357 933 3416 et
944 3358 1157 3417 externarum
1170 3358 1204 3418 et
1214 3353 1431 3432 internarum,

308 3467 440 3552 singula
472 3465 509 3528 in
542 3461 682 3547 singulis
715 3459 859 3524 officinis
892 3465 1062 3544 parantur,
1099 3481 1181 3545 quas
1216 3461 1271 3544 qui
1301 3468 1432 3546 regunt,

307 3571 498 3659 monopolio
516 3591 577 3634 suo
599 3567 674 3646 nisi,
698 3567 983 3650 Pharmacopoeae
1006 3566 1220 3650 praescriptis
1244 3588 1312 3630 non
1336 3567 1434 3632 facile

308 3680 494 3747 oboediant.

356 3896 385 3960 7.
432 3893 460 3956 Ε
489 3889 573 3974 legis
595 3887 661 3954 d.d.
685 3885 721 3950 ΙΙ
745 3885 867 3950 mensis
890 3883 1091 3949 Novembris
1114 3886 1152 3948 ai.
1166 3883 1434 3950 MDCCCLXXI

309 3995 622 4088 (Actapublica,n⁰.
637 3996 715 4076 118)
738 3991 827 4056 tituli
851 3994 880 4056 3i
900 3997 995 4076 parte
1021 3995 1053 4054 1·
1067 3992 1148 4055 haec
1168 3990 1434 4076 Pharmacopoea

310 4115 379 4174 tam
401 4107 516 4190 lingua
540 4101 673 4187 Belgica
685 4121 782 4184 quam
795 4097 916 4163 Latina
927 4098 1096 4163 statuitur.
1121 4097 1272 4183 Plerique
1283 4103 1434 4161 nostrum
1522 4135 1529 4151 ·

309 4211 481 4282 commoda
511 4207 666 4274 editionis
697 4205 836 4270 Latinae
864 4204 953 4269 tanti
982 4202 1159 4282 faciebant,
1187 4210 1226 4269 ut
1249 4203 1306 4290 qui
1327 4202 1433 4288 legem
