3530 5026
895 517 958 578 112

359 711 443 776 culis
477 711 668 788 altioribus3
704 711 817 775 lumen
850 711 1034 774 minimum.
1069 712 1182 796 Amyli
1212 712 1295 776 satis
1329 713 1486 788 multum;

359 839 465 903 grana
498 839 611 903 parva,
639 817 786 903 globosa,
812 818 1005 903 plerumque
1028 819 1110 883 satis
1133 817 1240 883 multa
1260 817 1297 882 in
1319 818 1488 883 nonnullis

359 925 487 990 cellulis
508 925 820 1010 parenchymaticis.

405 1031 498 1098 Odor
520 1032 687 1111 acidulus;
712 1052 813 1117 sapor
834 1053 911 1097 acer
933 1035 968 1097 et
990 1053 1132 1098 amarus.

404 1138 530 1205 Cortex
552 1138 695 1203 Rhamni
708 1139 912 1204 Purshianae
923 1160 991 1203 non
1002 1138 1168 1206 recentior
1179 1139 1379 1205 adhibeatur
1390 1161 1488 1224 quam

360 1247 417 1330 qui
440 1266 646 1331 perannum
671 1251 700 1324 1,
725 1250 903 1332 postquam
927 1247 1085 1312 collectus
1108 1251 1168 1324 est,
1193 1251 1348 1312 servatus
1371 1248 1444 1312 erit.

404 1352 519 1418 Pulvis
541 1352 735 1418 combustus
758 1353 878 1417 cineris
900 1375 943 1417 ue
965 1353 1040 1438 plus
1057 1375 1156 1440 quam
1168 1355 1489 1438 partescentesimaa

361 1463 403 1524 10
425 1459 603 1545 relinquat.

533 1898 584 1995 ÷
649 1899 835 1996 tortor
875 1897 1199 1995 Simorutas.

404 2077 529 2144 Cortex
542 2077 665 2143 radicis
686 2100 784 2164 quem
798 2077 935 2163 praebet
955 2077 1186 2143 Simaruba
1208 2099 1360 2160 amara,
1378 2079 1486 2142 Aust.

358 2187 405 2250 Pl.
430 2185 505 2250 Gui.
529 2185 576 2250 Π.
602 2187 678 2250 860.

402 2346 537 2410 Fasciae
560 2346 614 2410 vel
636 2346 747 2411 frusta
770 2368 829 2431 per
850 2346 1095 2432 longitudinem
1118 2346 1316 2430 complicata
1339 2345 1390 2410 vel
1414 2345 1487 2410 tubi

356 2452 547 2538 compressi,
567 2452 789 2538 longitudinis
808 2452 1064 2529 diversissimae,
1084 2451 1253 2516 interdum
1272 2450 1487 2516 decimatrum

355 2560 585 2644 complurium,
621 2559 809 2624 latitudinis
843 2559 1075 2624 centimetrum
1109 2557 1152 2622 ad
1183 2561 1214 2636 6,
1246 2557 1369 2623 cortice
1391 2558 1488 2622 milli-

357 2672 500 2731 metrum
522 2670 538 2728 1
560 2665 602 2730 ad
621 2668 784 2744 ficrasso;
797 2666 892 2743 levia,
905 2666 1006 2743 lanta,
1019 2665 1198 2730 admodum
1210 2664 1342 2730 fibrosa.
1367 2664 1488 2750 Super-

357 2772 447 2837 ficies
482 2773 628 2837 exterior
661 2772 854 2859 plerumque
886 2777 958 2837 tota
988 2773 1041 2837 vel
1072 2773 1193 2858 partim
1217 2777 1325 2837 strato
1348 2773 1488 2837 suberco

321 2947 323 2953 A
358 2879 485 2944 nudata
504 2883 564 2956 est,
584 2879 698 2964 itaque
715 2879 900 2944 rarioribus
913 2880 966 2944 vel
978 2878 1129 2964 pluribus
1140 2879 1373 2964 iniquitatibus
1384 2879 1488 2945 direc-

357 2987 411 3064 tis,
424 3008 443 3050 e
455 2987 576 3050 silacso
588 2985 692 3064 fusca,
706 2986 873 3051 interdum
886 2985 1130 3070 quodammodo
1138 2985 1270 3064 fibrosa;
1279 2985 1335 3050 ubi
1344 2990 1488 3050 stratum

358 3093 532 3157 subereum
556 3091 660 3170 adest,
686 3093 858 3158 obscurius
882 3092 1099 3177 griseofusca.
1129 3092 1326 3176 Superficics
1350 3092 1489 3157 interior

357 3199 449 3263 fibris
472 3200 604 3284 crassis,
628 3201 808 3265 clarissimo
828 3199 983 3264 esilacco
995 3199 1099 3264 fusca.
1113 3199 1274 3264 Fructum
1286 3205 1486 3276 transversa,

357 3307 552 3390 praesertim
575 3307 610 3371 in
633 3312 729 3391 parte
752 3306 920 3384 interiore,
944 3306 1037 3371 fibris
1062 3306 1182 3371 crassis
1205 3310 1240 3371 et
1262 3306 1382 3391 longis,
1402 3306 1487 3371 eius-

357 3413 432 3476 dem
455 3413 575 3479 coloris
598 3435 636 3478 ac
659 3413 848 3499 superficies
870 3413 1020 3478 interior.
1052 3411 1178 3478 Cortex
1201 3419 1392 3478 transverse
1414 3433 1486 3498 per-

357 3525 476 3597 acutus,
490 3519 706 3598 madefactus,
724 3521 816 3586 striis
827 3520 977 3598 radiatis,
990 3520 1166 3600 subluscis,
1180 3521 1383 3606 conspicuis3
1403 3541 1487 3606 quaa

357 3625 458 3690 striae
469 3626 505 3689 in
517 3631 612 3710 parte
623 3626 742 3690 intima
754 3627 853 3711 paulo
864 3626 1000 3692 latiores
1012 3631 1046 3691 et
1057 3626 1281 3704 densissimas,
1295 3628 1487 3712 plerumque

357 3732 392 3796 in
427 3733 597 3819 obliquum
631 3738 664 3798 et
699 3734 772 3818 plus
802 3733 954 3798 minusve
978 3737 1134 3798 curvatae
1158 3736 1345 3797 extrorsum
1367 3731 1486 3795 ductae

357 3843 446 3916 sunt,
479 3839 639 3924 paulatim
674 3845 909 3918 extenuantur,
945 3839 1152 3925 superficiem
1186 3838 1383 3904 exteriorem
1418 3857 1484 3900 non

357 3945 539 4030 attingunt.

402 4051 495 4116 Odor
517 4053 645 4131 nullus;
670 4075 770 4139 sapor
792 4053 889 4118 valde
912 4075 1054 4117 amarus.
