3544 5050
841 501 906 563 424
948 497 951 501 ’

305 719 456 782 gramma
481 700 497 760 l
522 701 653 762 coctum
676 695 710 759 in
734 695 910 760 solutionis
930 695 1084 781 hydratis
1102 695 1440 761 natricicantimetria

308 804 432 869 cubicis
457 806 498 868 25
522 808 633 869 totum
655 803 806 868 solvitur.

352 913 466 997 Aquae
485 911 717 976 centimetrum
737 910 931 976 cubicorum
953 913 995 974 10
1013 930 1167 974 unacum
1179 908 1326 974 Sulfuris
1338 909 1441 995 depu-

304 1019 371 1083 rati
394 1023 576 1104 grammate
602 1022 618 1080 1
643 1021 940 1103 conquassatomm
964 1017 1088 1081 filtrata
1109 1017 1261 1081 neutrius
1283 1017 1352 1081 sint
1369 1037 1441 1080 raa-

306 1125 436 1190 ctionis.

351 1231 545 1296 Ammoniae
568 1231 800 1295 centimetrum
824 1230 1015 1295 cubicorum
1041 1232 1081 1293 10
1104 1250 1171 1294 una
1194 1251 1270 1294 cum
1293 1228 1440 1294 Sulfuris

305 1337 458 1424 depurati
481 1341 664 1422 grammate
690 1340 706 1399 1
731 1337 766 1400 in
790 1337 962 1401 cucurbita
985 1337 1096 1401 clausa
1119 1357 1178 1420 per
1197 1337 1299 1401 horae
1310 1341 1440 1422 partem

305 1449 458 1530 quartam
491 1442 685 1528 frequenter
717 1448 959 1527 quassatorum‚
994 1441 1211 1529 digestorum,
1239 1443 1439 1508 filtratorum

305 1551 502 1616 centimetra
527 1549 642 1615 cubica
666 1552 684 1613 5
708 1548 832 1614 additis
854 1549 942 1613 acidi
964 1548 1211 1634 hydrochlorici
1234 1549 1439 1614 centimetris

305 1657 431 1724 cubicis
463 1660 513 1734 10,
534 1679 576 1720 ne
599 1677 704 1741 aquae
728 1653 1023 1740 hydrosulfuratae
1046 1655 1250 1720 centimetris
1274 1654 1398 1720 cubicis
1419 1657 1438 1718 2

305 1763 438 1850 quidem
461 1762 580 1828 deinde
605 1762 729 1827 additis
751 1762 938 1827 turbentur.

350 1868 496 1934 Sulfuris
523 1869 676 1955 depurati
710 1891 860 1954 gramma
886 1872 902 1931 1
928 1869 1138 1934 combustum
1162 1891 1290 1934 massae
1313 1869 1438 1934 solidae

305 1975 573 2060 milligrammata
598 1998 638 2040 ne
660 1975 737 2062 plus
760 1997 858 2061 quam
885 1979 925 2039 10
948 1976 1124 2062 relinquat.

478 2371 529 2469 ÷
562 2371 740 2469 Suttur
772 2376 1183 2496 praecipitatum.

852 2552 885 2616 S.

351 2695 464 2758 Pulvis
498 2694 722 2788 tenuissimus,
759 2693 952 2773 flavoalbus,
989 2696 1045 2780 qui
1079 2695 1264 2781 dioxydum
1299 2695 1438 2760 sulfuris

303 2801 459 2866 emittens
482 2800 688 2866 comburitur
711 2807 744 2866 et
759 2801 795 2865 in
807 2802 917 2865 sulfidi
930 2802 1097 2866 carbonici
1109 2803 1296 2887 quantitate
1308 2803 1435 2869 decem-

302 2907 379 2992 plici
402 2912 495 2972 totus
518 2907 669 2971 solvitur.

347 3016 462 3100 Aquae
497 3014 729 3080 centimetrum
764 3015 957 3079 cubicorum
982 3018 1023 3078 10
1047 3036 1122 3080 cum
1142 3013 1289 3080 Suliuris
1312 3015 1436 3101 praeci-

302 3121 400 3207 pitati
433 3126 617 3206 grammata
644 3125 659 3184 1
697 3127 995 3208 conquassatorum
1037 3122 1161 3186 filtrata
1185 3122 1336 3186 neutrius
1369 3123 1438 3187 sint

301 3229 490 3293 reactionis.

347 3334 543 3399 Ammonias
566 3336 799 3400 centimetrum
822 3336 1013 3402 cubicorum
1039 3338 1079 3399 10
1103 3357 1267 3400 unacum
1291 3335 1437 3401 Suliuris

301 3441 511 3528 praecipitati
533 3448 717 3527 grammate
740 3447 755 3506 1
770 3443 805 3506 in
817 3443 989 3508 cucurbita
1001 3443 1113 3507 clausa
1124 3464 1184 3528 per
1196 3443 1297 3507 horae
1309 3448 1436 3529 partem

301 3554 454 3635 quartam
489 3547 681 3634 frequenter
715 3555 957 3634 quassatorum‚
992 3549 1210 3634 digestorum,
1235 3548 1434 3614 filtratorum

301 3655 497 3722 centimetra
520 3655 635 3720 cubica
659 3660 678 3720 5
701 3655 826 3720 additis
852 3655 938 3720 acidi
962 3655 1209 3740 hydrochlorici
1232 3656 1435 3721 centimetris

302 3762 426 3828 cubicis
452 3764 501 3839 10,
525 3783 567 3825 ne
590 3783 695 3846 aquae
715 3761 1010 3846 hydrosuliuratae
1037 3762 1243 3827 centimetris
1268 3762 1392 3828 cubicis
1415 3764 1435 3826 2

302 3869 434 3955 quidem
458 3867 577 3932 deiude
600 3867 723 3932 additis
745 3869 934 3933 turbentur.

346 3975 492 4040 Sulfuris
515 3975 725 4062 praecipitati
747 3982 934 4062 grammata
951 3977 1157 4042 icombusta
1169 3997 1297 4042 massae
1310 3976 1434 4041 solidae

302 4081 569 4168 milligrammata
592 4105 635 4147 ne
658 4083 733 4169 plus
756 4105 855 4170 quam
880 4087 899 4148 5
922 4083 1123 4168 relinquant.
