3466 5038
862 485 903 545 22

359 677 455 743 Acidi
490 677 649 762 salioylici
685 678 954 762 miiligrammuto
988 680 1007 740 2
1042 677 1077 740 in
1112 698 1217 764 equae
1239 677 1443 742 centimetris

314 785 438 850 cubicis
464 787 504 848 10
528 785 648 860 solutu,
672 784 795 848 additis
819 785 958 849 chloreti
982 785 1093 850 ferrici
1116 785 1223 868 guttis
1248 787 1277 860 2,
1301 784 1442 850 colorem

316 891 454 956 obscure
477 892 661 956 violaceum
684 893 833 956 trahunt.

359 999 498 1064 Acidum
529 998 733 1083 salicylicum
763 1000 796 1062 in
828 999 923 1064 acido
954 998 1114 1062 sulfurico
1136 1001 1169 1080 (l
1189 1025 1222 1058 =
1241 1001 1275 1078 7)
1298 998 1443 1062 solutum

314 1105 435 1170 coloris
458 1127 576 1190 expers
599 1105 653 1169 vel
676 1104 746 1170 fere
770 1127 888 1190 expers
911 1106 966 1169 sit.

359 1211 454 1276 Acidi
485 1213 644 1297 sulicylici
676 1213 945 1297 milligrommeto
968 1214 1032 1275 500
1056 1216 1089 1274 et
1112 1209 1301 1275 cerbonstis
1324 1209 1443 1274 notrici

314 1338 464 1402 grummc
490 1322 505 1379 l
531 1318 566 1381 in
588 1339 693 1402 aquae
715 1318 921 1382 centimetris
943 1316 1067 1382 cubicis
1093 1318 1133 1380 10
1157 1314 1443 1381 unosolutsclere

315 1425 401 1501 sint;
447 1424 567 1508 quibus
610 1425 728 1490 solutis
771 1447 845 1490 cum
890 1424 1036 1488 aetheris
1081 1424 1285 1489 centimetris
1320 1421 1442 1488 cubicis

316 1533 335 1594 5
367 1535 401 1594 et
431 1531 576 1594 aetheris
607 1531 745 1614 petrolci
777 1531 980 1596 centimetris
1011 1531 1135 1595 cubicis
1160 1534 1178 1594 5
1201 1529 1441 1615 conquassatis,

315 1657 398 1721 quae
428 1636 469 1700 de
498 1637 626 1721 liquore
657 1639 812 1702 oethereo
831 1642 1012 1722 evaporato
1035 1642 1242 1721 supererunt,
1267 1635 1442 1720 ponderari

315 1747 482 1827 nequeunt
503 1765 587 1807 neve
610 1745 788 1828 phenolum
812 1743 993 1808 redoleant.

359 1849 454 1913 Acidi
478 1848 636 1934 sslicylici
660 1871 809 1935 gramme
836 1855 850 1917 l
876 1853 911 1915 in
935 1852 1074 1935 spiritus
1092 1850 1297 1915 centimetris
1320 1849 1442 1913 cubicis

318 1958 359 2018 10
383 1955 541 2036 solutum,
567 1956 653 2019 ocidi
677 1957 788 2021 nitrici
811 1958 919 2042 guttis
944 1962 963 2022 5
987 1959 1138 2034 mixtum,
1163 1957 1287 2022 addicis
1310 1957 1443 2020 nitrotis

314 2062 476 2146 urgentici
499 2063 606 2145 guttis
631 2065 650 2126 2
674 2085 716 2127 ne
739 2065 903 2131 turbetur.

508 2460 557 2557 -Ι-
590 2462 800 2558 Αοίᾱιιηι
840 2463 1170 2559 sutturicum.

437 2639 578 2704 Acidum
603 2641 723 2727 H2SO⁴
748 2641 899 2726 portibus
922 2641 1111 2706 centesimis
1136 2643 1178 2705 94
1201 2641 1243 2704 od
1268 2643 1320 2705 96.

363 2806 486 2891 Liquor
504 2808 625 2873 coloris
644 2830 772 2895 expers,
792 2809 910 2886 clerus,
932 2809 1177 2894 spissiusculus‚
1191 2807 1303 2873 odoris
1315 2827 1441 2892 expers,

317 2913 506 2997 perscidus;
537 2914 718 2980 calefactus
741 2920 833 2980 totus
856 2917 1004 2981 volatilis
1026 2917 1074 2981 fit.
1100 2915 1233 2980 Pondus
1256 2914 1443 2998 specificum

319 3019 413 3095 1‚837
438 3020 481 3083 cd
507 3023 613 3098 1‚840.

360 3126 501 3190 Acidum
531 3128 727 3193 sulfuricurn
759 3150 864 3214 oquae
888 3128 1038 3213 partibus
1065 3131 1127 3192 100
1150 3128 1303 3204 dilutum,
1327 3125 1442 3191 eddito

316 3232 440 3298 nitrete
475 3235 635 3318 berytico,
672 3237 926 3320 praecipitatum
961 3235 1072 3299 elbum
1106 3235 1253 3318 deponit,
1290 3233 1377 3317 quod
1407 3234 1442 3296 in

316 3340 419 3404 acidis
443 3362 510 3405 non
533 3342 685 3406 solvitur.

361 3447 501 3512 Acidum
528 3449 724 3513 sulfuricum
748 3471 852 3535 oquae
887 3450 1054 3514 volumine
1078 3448 1276 3534 quincuplici
1300 3447 1442 3511 mixtum

315 3575 357 3618 ne
398 3553 513 3618 addito
554 3555 649 3620 acido
691 3556 961 3640 hydrosulfurico
995 3577 1078 3620 neve
1112 3555 1237 3619 nitrute
1271 3552 1442 3638 urgentico

316 3661 458 3745 speciem
488 3667 604 3738 mutet,
635 3683 719 3726 neve
750 3663 866 3727 addito
896 3661 1128 3746 sulfohydrute
1159 3661 1353 3742 emmonim,
1386 3659 1440 3724 ubi

315 3789 374 3852 per
395 3769 595 3832 ammoniam
619 3770 795 3834 ulculinum
819 3769 945 3834 fectum
969 3770 1042 3834 erit.
1068 3769 1163 3833 Acidi
1187 3767 1339 3832 sulfurici
1357 3787 1443 3850 aquo

315 3873 413 3938 diluti
433 3875 629 3940 centimetru
648 3875 763 3940 cubico
790 3878 830 3938 10
842 3875 1112 3961 permungcnutis
1125 3874 1270 3957 kolici(l
1290 3899 1323 3933 ε
1343 3875 1442 3953 1000)

313 3986 410 4064 gutta
436 3985 452 4044 1
478 3981 593 4047 addite
616 4005 657 4047 ne
680 3982 913 4048 decolorentur
935 3984 1025 4048 intro
1049 3984 1148 4047 horne
1168 3989 1297 4067 partem
1319 3981 1441 4045 duode-

315 4089 433 4153 cimum
456 4090 652 4173 (dioaeydum
674 4091 839 4174 uuiferis).

359 4194 428 4258 (iux
461 4195 571 4259 oriens
602 4217 620 4258 e
647 4195 731 4260 zinci
767 4197 876 4261 frusto
898 4201 1057 4281 reagente
1079 4197 1114 4259 in
1138 4197 1318 4260 mixtorum
1342 4214 1440 4277 supro
