3466 5038
805 523 846 587 61

258 723 447 808 liquescunt
467 720 504 784 in
522 719 690 805 liquorem¹
707 717 828 784 caloris
847 716 954 803 gradu
967 716 1048 782 274⁰
1058 715 1282 793 ebullientem,
1292 723 1390 781 aucto

256 830 375 907 calore,
400 827 486 892 nihil
495 825 720 912 relinquentia
731 824 981 890 comburuntur.
1007 821 1197 908 Camphora
1213 822 1390 886 monobro·

258 942 347 1001 mata
361 935 399 1000 in
422 935 557 1000 aethera
580 939 615 999 at
636 933 672 997 in
695 932 833 1017 spiritus
855 929 1008 1017 partibus
1030 929 1100 995 fcrc
1126 933 1167 995 15
1179 928 1279 994 facilc
1290 929 1391 994 solvi·

258 1052 320 1120 tur,
344 1043 382 1107 in
405 1062 492 1127 aqua
514 1061 583 1105 non
606 1039 759 1104 solvitur.

300 1147 511 1234 Gamphorac
534 1146 808 1211 monobromabao
831 1144 1103 1230 milligrammatn
1126 1145 1190 1208 250
1202 1144 1238 1207 in
1253 1141 1391 1227 spiritus

257 1255 462 1321 centimetris
488 1252 613 1319 cubicis
639 1253 679 1317 10
703 1253 814 1318 soluta
836 1253 985 1317 chartam
1009 1249 1391 1336 exploratoriamcacru-

258 1361 353 1441 lcam,
377 1383 465 1447 aqua
487 1358 709 1425 madefactam
731 1359 868 1423 rubram
890 1380 933 1423 nc
954 1357 1115 1436 roddsnt;
1139 1377 1281 1442 quorum
1303 1355 1391 1421 solu·

257 1482 378 1546 torum,
421 1489 490 1532 una
527 1488 603 1532 cum
637 1466 724 1531 acidi
757 1466 875 1531 acetici
909 1465 1114 1531 centimetris
1147 1462 1272 1528 cubicis
1306 1465 1326 1526 3
1357 1467 1392 1526 ct

257 1576 344 1641 zinci
376 1575 489 1640 frusto
519 1573 766 1651 calefactum,
797 1572 918 1638 deinde
945 1593 1051 1658 aquas
1073 1570 1243 1635 volumino
1267 1568 1391 1654 duplici

256 1682 452 1760 diluborum,
475 1681 613 1758 filtrabn,
636 1679 732 1745 acido
755 1679 997 1744 nitricodilubo
1009 1679 1124 1755 mixto,
1138 1676 1391 1742 addiionitrabc

256 1789 440 1875 argantico,
464 1788 721 1873 praecipitatum
744 1787 917 1872 deponunt
938 1784 1158 1862 flavoalbum3
1182 1805 1324 1870 quorum
1342 1781 1391 1845 ffl-

257 1901 435 1973 tratornm,
459 1895 497 1958 in
517 1893 609 1958 filtro
632 1893 788 1979 deinceps
812 1893 934 1978 spiritu
956 1897 990 1958 ct
1007 1913 1094 1978 aqua
1106 1891 1282 1967 emiorum,
1296 1895 1392 1975 pario

256 2004 293 2067 in
316 2001 535 2068 chloroformi
558 2000 756 2067 centimetra
778 2000 894 2065 cubica
918 2001 938 2064 3
960 1998 1082 2076 infusa,
1108 1998 1261 2064 stillatim
1276 1996 1393 2062 addita

257 2131 345 2195 aqua
355 2109 517 2186 chlorata,
530 2107 802 2184 chloroformum,
813 2107 943 2192 liquore
955 2111 1122 2192 quassato
1132 2104 1277 2171 colorem
1289 2103 1392 2167 flavo·

255 2215 397 2280 rubrum
424 2215 546 2294 trahib3
570 2215 782 2300 praecipitati
804 2213 941 2279 alconus
964 2213 1079 2298 pariis,
1104 2233 1179 2277 cum
1202 2209 1392 2276 carbonatis

258 2322 437 2386 ammonici
461 2321 666 2388 centimcbris
689 2321 813 2386 cubicis
836 2323 856 2384 3
879 2342 940 2405 por
961 2321 1063 2385 horas
1086 2323 1216 2405 partam
1238 2317 1392 2382 duodeci·

257 2449 346 2492 mam
370 2432 621 2513 conquassatae,
645 2427 781 2506 filtrata,
805 2427 921 2492 addico
944 2427 1095 2492 bromsbo
1119 2425 1230 2490 kalico
1241 2426 1390 2509 (1:10),

258 2535 349 2600 clara
372 2535 442 2599 sint
464 2534 663 2619 (chlorium).

304 2639 515 2725 Camphoras
536 2640 810 2706 monobromatac
832 2641 1105 2726 miliigrammaba
1122 2642 1185 2703 100
1207 2639 1243 2704 in
1255 2637 1393 2723 spiritus

258 2748 466 2814 centimetris
489 2747 614 2813 cubicis
639 2751 681 2812 10
703 2747 825 2826 soluta,
849 2768 924 2813 cum
946 2747 1083 2812 nitratis
1098 2744 1267 2832 'argentici
1290 2743 1393 2808 canti·

259 2855 360 2919 moiri
392 2852 501 2919 cubici
534 2853 674 2919 dimidia
696 2858 792 2940 parto
815 2858 982 2931 concocta,
1007 2855 1096 2918 clara
1119 2853 1187 2918 sint
1209 2872 1270 2937 per
1290 2850 1393 2914 horas

260 2965 391 3046 partam
413 2981 483 3025 non
504 2961 615 3025 minus
639 2983 738 3046 quam
760 2960 975 3027 centesimam
997 2960 1197 3025 vicesimam.

306 3065 517 3152 Camphoras
549 3067 823 3133 monobromataa
857 3068 1127 3154 milligrcmmata
1162 3069 1226 3130 100
1248 3065 1283 3128 in
1308 3062 1394 3128 acidi

260 3172 415 3240 sulfurici
445 3173 643 3240 canbimsbro
678 3174 794 3240 cubico
819 3179 836 3238 1
862 3174 973 3240 soluta
996 3173 1118 3239 coloris
1141 3173 1291 3257 expertia
1314 3171 1391 3236 sint.

307 3317 337 3381 A
369 3317 465 3382 luca
499 3321 665 3381 remota
699 3323 912 3384 servetur.

562 3909 612 4007 -Ι-
645 3911 1010 4008 Cantharidcs.

309 4123 455 4214 Corpora
489 4127 616 4192 siccata
638 4125 841 4191 insectorum
868 4124 1140 4210 colcopbsrorum,
1164 4122 1392 4197 vensiontium,

266 4231 381 4316 quibus
399 4255 523 4300 nomen
543 4238 597 4298 esc
615 4231 749 4317 Lytta
767 4231 1038 4297 vesicatoria
1057 4231 1171 4309 Fisus,
1192 4249 1339 4317 quasque
1358 4229 1394 4291 in
