3544 5050
844 503 908 564 4423

231 695 233 698 ⁵
309 700 515 777 emittentur,
551 698 675 765 additis
709 698 885 764 solutionis
920 698 1073 784 hydretis
1108 699 1209 764 keliei
1244 700 1442 785 spirituosse

308 809 414 895 guttis
439 810 468 885 2,
494 807 639 872 colorem
661 806 799 871 trahant
822 805 1017 871 violaceum.

353 914 488 979 Pondus
523 913 712 1000 specifieum
748 914 847 990 0‚900
872 911 921 975 'ed
941 914 1049 990 0‚910.
1082 912 1242 977 Tincture
1264 917 1445 998 evaporata

308 1043 377 1085 non
399 1020 509 1084 minus
532 1041 632 1105 quem
655 1023 768 1106 partes
792 1018 991 1084 centesimas
1015 1021 1068 1097 2,2
1091 1019 1268 1104 relinquat.

438 1137 552 1196 Doses
574 1135 753 1195 maximae
774 1135 933 1211 singulae
954 1138 1194 1211 grammatum
1217 1136 1243 1198 l.

439 1235 552 1295 Dosee
573 1234 752 1294 maximae
774 1235 812 1294 in
833 1234 939 1294 horas
960 1235 1104 1294 vicenas
1125 1237 1316 1307 quaternas

480 1337 722 1409 grammatum
743 1332 771 1394 3.

533 1589 1150 1686 ÷Tmmmafflmws

361 1735 461 1800 Solve
556 1757 559 1764 ·

414 1849 554 1900 Benzoes
587 1841 627 1899 in
658 1840 858 1917 pulverem
896 1837 987 1915 (Am)
1015 1838 1202 1897 reductae
1238 1847 1373 1917 peries

321 2021 328 2035 ι
456 1941 605 2016 viginti
636 1981 1367 1999 ...................
1416 1941 1454 1999 20

319 2043 354 2084 in

414 2115 557 2178 spiritus
576 2107 761 2184 partibus
783 2111 937 2163 centum
961 2150 1369 2168 ...........
1400 2110 1456 2166 100

362 2207 487 2293 Liquor
509 2204 716 2270 fuscoruber.

360 2315 521 2379 Tinctum
552 2313 701 2376 Benzoes
735 2332 840 2395 equae
878 2310 951 2395 puri
987 2311 1153 2375 volumine
1188 2312 1305 2389 diluta,
1345 2313 1454 2399 liquor

318 2420 450 2485 exsistit
472 2419 666 2497 flsvoalbue,
689 2418 869 2484 reeetionis
893 2417 1017 2496 acidae,
1042 2441 1060 2482 e
1083 2440 1149 2504 quo
1165 2419 1327 2505 paulatim
1342 2421 1454 2486 resina

319 2527 512 2592 secernitur.

365 2632 499 2697 Pondus
533 2630 723 2718 specificum
757 2630 856 2708 0,873
879 2629 922 2694 ud
946 2631 1056 2708 0,882.
1092 2631 1251 2697 Tinctum
1275 2612 1467 2719 evaporata·

320 2760 387 2802 non
410 2739 520 2803 minus
543 2759 644 2823 quum
667 2742 780 2823 pertes
803 2737 1002 2802 centesimas
1029 2741 1069 2802 15
1093 2739 1268 2824 relinquat.

421 3012 1290 3111 iimmmahmmuwufi

674 3182 907 3252 Cantheriiis
937 3184 1124 3252 Tinctum.

371 3292 523 3358 Medefec

423 3403 659 3457 cantharidum
699 3397 738 3453 in
779 3397 978 3472 pulverem
1018 3398 1098 3478 (Bw)
1131 3399 1382 3460 reducturum

406 3491 410 3501 '
464 3503 599 3575 partes
627 3494 755 3553 decem
767 3539 1375 3558 ................
1425 3498 1462 3556 10

423 3602 566 3666 Spiritus
585 3597 683 3650 diluti
704 3591 888 3669 pertibus
916 3595 1048 3652 tribus
1089 3641 1376 3656 ........
1444 3597 1462 3652 3

373 3695 435 3760 Per
454 3695 610 3779 spiritum
630 3691 774 3756 dilutum
790 3691 921 3774 percote
944 3713 1011 3777 quo
1023 3693 1122 3758 modo
1135 3694 1315 3759 'Pineturee
1326 3694 1461 3760 Aeoniti

328 3803 569 3888 praescriptum
592 3803 653 3864 est.

374 3911 499 3996 Liquor
527 3905 748 3981 viridiflevus,
783 3905 912 3989 saporis
948 3909 1086 3985 urentis,
1123 3910 1179 3994 qui
1202 3910 1238 3974 in
1261 3906 1463 3994 epidermide

329 4020 430 4083 tritus
451 4017 607 4080 ruborem
631 4011 766 4075 excitet.

375 4125 536 4189 Tinctum
559 4115 803 4186 Cantharidum
823 4139 927 4203 equae
948 4123 1018 4204 peri
1044 4123 1211 4187 volumine
1224 4123 1338 4199 diluta,
1356 4122 1465 4205 liquor

331 4241 457 4305 lacteus
480 4242 623 4308 exsistit.
