3544 5050
831 535 893 598 391

297 757 373 801 cnm
396 731 662 808 decinormalem,
683 731 787 807 cuius,
804 734 843 795 ut
865 729 975 814 liquor
996 728 1215 804 decoloretur,
1236 727 1432 793 centimetra

298 844 414 909 cubica
432 863 474 906 ne
489 841 600 906 minus
620 860 719 924 quam
742 838 814 916 10,7
836 838 1059 922 requirantur.
1077 835 1299 900 Thiosulfatis
1311 834 1432 898 natrici

298 951 495 1016 centimetra
517 949 633 1014 cubica
655 946 788 1032 singula
810 945 890 1009 ferri
914 944 1065 1009 indicant
1084 943 1355 1027 milligrammata
1368 943 1431 1018 5,6.

768 1201 963 1210 .--.—..-.---

545 1411 747 1508 Solutio
782 1409 1189 1529 Formaltobyti.

737 1599 998 1668 Formalinum.

349 1753 479 1820 HOOH
500 1755 613 1838 partes
633 1754 676 1816 33
688 1752 731 1816 ad
743 1754 786 1816 34
797 1752 834 1815 in
845 1773 951 1837 aquae
962 1750 1115 1836 partibus
1128 1750 1169 1814 67
1184 1749 1226 1815 ad
1239 1751 1280 1814 66
1294 1749 1433 1814 solutae.

351 1913 476 1999 Liquor
494 1913 616 1978 coloris
635 1933 764 1998 expers,
785 1912 903 1988 clarus,
925 1910 1037 1976 odoris
1052 1909 1230 1975 admodum
1242 1908 1434 1994 pungentis,

303 2020 483 2086 reactionis
506 2019 659 2084 neutrius
681 2020 734 2083 vel
758 2019 878 2084 leviter
901 2018 1014 2083 acidae
1021 2039 1028 2096 ;
1053 2039 1140 2103 aqua
1163 2017 1217 2080 vel
1237 2016 1358 2102 spiritu
1374 2037 1435 2101 pro

302 2127 452 2213 qualibet
474 2127 630 2212 portione
652 2127 788 2204 mixtus,
813 2127 921 2191 clarus
944 2131 1013 2204 est3
1037 2125 1073 2189 in
1095 2124 1215 2190 balneo
1234 2145 1339 2210 aquae
1360 2145 1436 2188 eva-

305 2239 443 2319 poratus
470 2255 614 2298 massam
638 2233 756 2310 albam,
782 2232 922 2297 solidam
946 2233 1113 2317 relinquit,
1137 2253 1232 2317 quae,
1255 2231 1439 2316 prudenter

305 2341 476 2418 calefacta,
501 2346 574 2406 tota
595 2340 744 2405 volatilis
766 2341 814 2406 fit.

350 2448 482 2513 Solutio
506 2447 762 2533 Formaldehydi
787 2470 804 2511 e
827 2447 952 2512 nitrate
974 2447 1156 2532 argenticO,
1180 2447 1234 2512 oui
1253 2446 1439 2512 ammoniae

306 2560 438 2620 tantum
476 2554 627 2620 additum
662 2560 723 2630 est,
758 2559 797 2619 ut
831 2553 1087 2640 praecipitatum
1122 2554 1215 2639 prius
1250 2553 1439 2639 depositum

307 2682 422 2725 rursus
456 2661 604 2726 solutum
639 2661 694 2738 sit,
730 2661 839 2726 calore
862 2683 931 2725 non
954 2660 1115 2738 adhibite,
1140 2664 1284 2726 stratum
1307 2659 1439 2744 argenti

308 2768 460 2833 secernit.
508 2767 638 2834 Solutio
675 2767 942 2852 Formaldehydi,
979 2789 1039 2852 per
1065 2769 1268 2832 ammoniam
1298 2766 1440 2832 alcalina

307 2873 407 2952 facta,
442 2873 604 2958 liquorem
638 2873 759 2939 coloris
793 2881 964 2960 expertem
999 2874 1145 2960 praebet,
1173 2874 1240 2960 qui,
1263 2875 1300 2938 in
1322 2874 1441 2938 balneo

308 3001 412 3065 oquae
447 2986 658 3065 evaporatus,
691 3002 835 3046 massam
859 2980 979 3058 albam,
1012 2981 1242 3064 crystallinam
1272 2980 1442 3066 relinquit,

308 3106 394 3170 quae
416 3087 452 3149 in
475 3108 561 3172 aqua
583 3086 681 3152 facile
704 3087 856 3152 solvitur.

354 3191 484 3257 Solutio
520 3193 787 3280 Formaldehydi,
819 3216 906 3280 aqua
935 3197 969 3280 (1
989 3221 1021 3255 =
1041 3197 1075 3278 5)
1105 3195 1220 3272 mixta,
1252 3216 1294 3258 ne
1326 3194 1443 3259 addito

309 3296 404 3362 acido
427 3298 697 3383 hydrosuliurico
720 3323 804 3365 neve
827 3301 1062 3388 ferrocyaneto
1085 3301 1194 3367 kalico
1216 3323 1300 3366 neve
1319 3303 1444 3367 nitrate

310 3403 463 3488 barytico
486 3427 570 3469 neve
593 3407 717 3472 nitrate
739 3409 912 3493 argentino
936 3408 1079 3494 speciem
1102 3414 1219 3473 mutet.

356 3509 541 3575 Solutionis
561 3511 820 3599 Formaldehydi
839 3515 1034 3580 centimetra
1053 3515 1169 3581 cubica
1186 3518 1236 3594 10,
1250 3516 1445 3582 alcalideci-

310 3617 470 3681 normalis
500 3618 706 3683 centimetris
736 3618 862 3685 cubicis
894 3623 946 3698 2,5
970 3622 1084 3699 mixta,
1109 3644 1151 3686 ne
1174 3623 1243 3687 sint
1265 3623 1445 3689 reactionis

313 3723 436 3789 acidae.

357 3829 542 3897 Solutionis
565 3831 824 3920 Formaldehydi
847 3836 1079 3902 centimetrum
1096 3836 1247 3902 cubicum
1262 3841 1290 3915 l,
1304 3838 1447 3903 mixtum

313 3938 491 4003 solutionis
509 3939 590 4004 iodii
604 3940 810 4006 centimetris
822 3942 947 4007 cubicis
961 3948 980 4008 5
993 3949 1027 4007 et
1038 3943 1224 4009 ammoniae
1237 3949 1332 4009 tanta
1344 3965 1447 4029 quan-

311 4044 420 4122 titate,
442 4052 480 4112 ut
501 4046 612 4132 liquor
634 4047 754 4124 clarus,
779 4049 899 4114 coloris
911 4072 1030 4135 expers
1046 4051 1198 4130 exsistat,
1210 4052 1301 4117 intra
1312 4052 1445 4115 horael

314 4151 458 4236 spatium
479 4174 521 4216 ne
542 4153 696 4244 turbetur
715 4177 798 4219 neve
818 4155 1043 4222 iodoiormum
1066 4159 1216 4224 redoleat
1238 4161 1446 4244 (acetosum).

359 4257 543 4324 Solutionis
582 4261 841 4347 Formuldehydi
879 4265 1084 4330 centimetris
1118 4265 1243 4330 cubicis
1278 4269 1298 4329 3
1333 4265 1448 4328 mixtis
