3582 5034
853 475 918 540 335

232 743 237 752 ,
319 672 521 738 orbiculares
547 671 599 736 vel
618 669 764 754 oblongi,
792 668 849 754 qui
864 689 939 733 oum
956 667 1159 754 franguntur
1174 669 1345 754 pulverem
1362 692 1453 756 spar-

319 786 413 866 gunt.
439 777 566 844 Cortex
588 797 719 842 crassus
742 775 933 841 millimatra
957 779 977 840 3
1000 775 1043 840 nd
1068 777 1099 854 4,
1123 776 1210 840 linea
1228 779 1451 844 aeutaastele

317 891 499 973 separatus.
513 883 717 970 Superfioies
728 904 920 968 sequanos
931 881 1037 946 nitide
1048 881 1245 961 flavofusoa,
1255 884 1289 946 in
1302 884 1451 965 margine

319 992 487 1058 interdum
508 991 667 1076 reliquiae
689 1011 906 1075 gemmarum.
932 989 1092 1053 Fractura
1108 989 1194 1054 clare
1207 1011 1248 1054 ex
1259 990 1451 1056 aurantiaoo

319 1099 408 1165 flava
430 1099 472 1164 ad
495 1097 624 1163 fuscam
648 1119 690 1161 ex
712 1096 914 1161 aurantiaeo.
1061 1085 1062 1089 ¹

364 1206 456 1271 Odor
478 1205 689 1282 aromaticus
715 1225 814 1288 sapor
836 1203 957 1267 aeriter
980 1203 1182 1268 aromaticus
1198 1209 1232 1268 et
1245 1204 1450 1269 subamarus.

364 1311 489 1379 Charta
512 1312 641 1376 imbuta
664 1314 813 1374 extracto
833 1309 1013 1394 spirituoso
1036 1310 1243 1375 Rhizomatis
1266 1310 1451 1376 Cmoumae

318 1419 492 1484 Iavanioae
512 1421 544 1502 (1
560 1444 593 1478 =
609 1419 674 1500 10),
693 1417 771 1482 inde
787 1417 943 1495 colorata,
956 1417 1076 1481 deiude
1088 1418 1220 1496 siooata,
1232 1417 1355 1482 additis
1366 1417 1450 1482 aloa-

319 1525 405 1603 linis,
434 1525 578 1590 colorem
601 1525 706 1589 trahit
728 1544 946 1609 purpureum
981 1524 1111 1588 acidum
1134 1523 1283 1588 borinum
1307 1525 1342 1587 in
1365 1545 1451 1609 aqua

318 1627 472 1716 (1¹:50)
495 1632 651 1709 solutum,
675 1631 761 1696 acidi
785 1630 1029 1716 hydroohlorioi
1048 1630 1147 1695 diluti
1165 1631 1345 1696 voluminis
1358 1636 1451 1715 parte

319 1739 447 1804 decima
470 1739 622 1817 mixtum,
644 1760 726 1815 eam,
740 1737 820 1801 dum
833 1738 985 1814 siooatur,
998 1738 1108 1802 coloro
1122 1736 1231 1802 infioit
1242 1737 1449 1814 rubrofusoo,

319 1847 375 1931 qui
399 1845 498 1924 oolor,
523 1868 597 1910 oum
614 1846 729 1910 charta
740 1844 907 1909 ammonia
920 1844 1066 1922 medati,
1078 1844 1113 1908 in
1127 1844 1357 1930 viridinigrum
1370 1844 1450 1908 abit.

363 1954 404 2018 In
446 1953 544 2017 India
587 1951 750 2018 Orientali
793 1951 1036 2016 Nederlandioa
1071 1951 1232 2016 Rhinoma
1267 1951 1452 2016 Cureumae

319 2059 493 2126 Iavanioae
517 2059 651 2124 nomine
674 2067 773 2124 temoe
796 2059 906 2123 ἰαωαΙι·
928 2063 1076 2123 vocatur.

781 2307 985 2320 ————---·=

546 2483 886 2580 ÷Rbizoma
930 2485 1144 2579 filicis.

365 2663 523 2727 Rhizoma
543 2663 631 2748 quod
644 2663 781 2748 praebet
803 2662 1027 2748 Aspidium
1052 2662 1165 2726 Filix
1188 2685 1284 2741 mas,
1299 2663 1451 2740 Swnsrz,

320 2771 381 2834 sub
415 2769 519 2834 finem
554 2769 706 2835 autumni
741 2769 915 2835 oolleotum
945 2791 965 2834 a
1000 2769 1123 2855 plantis
1148 2770 1182 2833 in
1206 2771 1315 2856 patria
1338 2776 1453 2834 nostra

320 2877 435 2954 cultis3
483 2883 555 2941 tum
592 2877 626 2940 in
661 2877 771 2941 antica
806 2877 1017 2941 extremitate
1052 2877 1158 2940 multa
1192 2876 1274 2940 folia
1293 2876 1451 2954 novello,

320 2982 486 3068 spiraliter
521 2983 700 3047 convoluta
734 2981 856 3047 adsunt
891 2988 925 3047 et
959 2983 993 3045 in
1024 2988 1118 3067 parte
1149 2983 1333 3068 posteriore
1356 2983 1453 3047 bases

319 3089 518 3174 petiolorum
542 3088 699 3153 foliorum
724 3089 976 3154 demortuorum
999 3087 1107 3154 adhue
1130 3089 1236 3168 vivae,
1261 3110 1428 3154 oarnosae.

365 3233 459 3296 Merx
494 3232 620 3296 venalis
654 3253 810 3318 maguam
845 3239 974 3317 partem
1009 3237 1162 3297 oonstare
1196 3232 1282 3297 solet
1316 3232 1452 3296 basibus

319 3338 518 3423 petiolorum
536 3338 664 3415 solutis,
688 3338 858 3403 nonnullis
880 3339 1074 3404 rbizomatis
1097 3338 1250 3404 frustulis
1273 3339 1453 3403 enormiter

320 3445 482 3531 oblongis,
507 3445 715 3530 paucissimis
738 3445 829 3510 foliis
852 3445 993 3510 novellis
1016 3445 1212 3523 convolutis,
1233 3447 1387 3510 omnibus
1400 3445 1452 3510 his

320 3552 385 3616 iam
416 3573 570 3638 magnam
601 3557 730 3639 partem
754 3551 903 3617 liberatis
925 3553 1101 3630 radicibus,
1126 3551 1278 3639 partibus
1300 3552 1451 3630 mortuis,

320 3659 432 3742 paleis,
468 3658 517 3723 uti
553 3659 595 3723 ad
630 3680 727 3722 usum
758 3679 893 3723 necessa
916 3665 977 3723 ast.
1002 3659 1205 3725 Petiolorum
1229 3659 1325 3724 bases
1348 3659 1451 3724 centi-

320 3770 425 3829 motra
458 3764 502 3829 ad
534 3769 553 3830 5
578 3767 698 3851 longae
721 3770 810 3843 suut,
835 3786 964 3830 crassae
987 3765 1029 3830 ad
1057 3768 1140 3844 125,
1165 3767 1276 3842 durae,
1302 3765 1448 3850 fragiles,

318 3877 481 3949 arcuatae,
507 3871 601 3936 basin
625 3893 741 3936 versus
764 3871 872 3950 eitius,
895 3871 1023 3958 apioem
1047 3894 1163 3938 versus
1185 3873 1451 3937 leutiusattenu·

319 3981 410 4054 atae3
445 3999 522 4062 pars
545 3977 686 4042 interior
707 3998 861 4062 concava,
886 3984 1077 4044 transversa
1099 3981 1197 4065 plana
1221 3984 1282 4057 est,
1306 3977 1452 4043 exterior

319 4103 467 4148 convexa
500 4089 689 4150 transverso
712 4091 855 4164 arcuata,
880 4086 968 4150 inter
991 4107 1026 4150 se
1049 4092 1219 4172 separatae
1245 4083 1452 4170 marginibus

322 4191 340 4252 2
364 4189 508 4271 directis,
533 4212 630 4276 saepe
653 4191 857 4270 olarioribus,
880 4191 997 4270 acutis,
1021 4183 1263 4258 eminentibus
1277 4189 1450 4255 Interdum
