3582 5034
884 539 947 602 326

350 737 386 800 in
426 736 541 801 charta
582 733 657 798 alba
699 734 820 798 lineam
863 733 990 798 fuscam
1032 731 1133 810 ducit,
1169 731 1316 797 fractura
1349 733 1480 798 fibrosa.

396 842 521 908 Cortex
543 841 785 918 acerbissimus,
809 840 937 925 lignum
960 839 1031 904 iere
1054 840 1183 925 saporis
1206 863 1332 926 expers.
1346 848 1407 905 est.

396 951 540 1014 Tantum
587 948 696 1012 Radix
741 947 934 1024 Ratanhiae,
966 968 1050 1032 quae
1081 947 1212 1032 integra
1246 947 1385 1013 advecta
1420 952 1480 1024 est,

350 1056 558 1122 adhibeatur.
1554 1049 1556 1053 ’

394 1164 544 1228 Acetatis
565 1160 724 1246 plumbici
746 1161 781 1224 in
804 1161 924 1246 spiritu
947 1163 979 1244 (1
999 1187 1033 1220 :.·
1054 1161 1108 1243 10)
1127 1159 1228 1226 soluti
1250 1161 1482 1225 centimetrum

350 1272 540 1336 cubicorum
567 1271 608 1332 10
630 1289 706 1332 cum
729 1268 862 1332 Badicis
885 1267 1069 1331 Ratanhiae
1093 1267 1238 1352 pulveris
1258 1268 1366 1352 grossi
1385 1268 1483 1332 milli-

349 1377 545 1462 grammatis
576 1379 640 1439 500
677 1381 921 1451 concoctarum,
944 1373 1218 1458 refrigeraterum
1243 1375 1366 1438 filtrata
1389 1395 1481 1458 prae·

351 1485 452 1548 beant
475 1483 637 1568 liquorem
660 1481 782 1546 coloris
805 1482 891 1545 clare
915 1481 1034 1545 vinosi.

815 1730 1016 1740 v*—

749 1908 914 2001 sauir
948 1907 1088 2000 suet.

397 2087 533 2153 Caudex
549 2108 646 2172 quem
667 2085 827 2171 praebent
841 2086 953 2149 variae
968 2084 1094 2169 species
1114 2083 1245 2168 generis
1265 2083 1379 2160 snei,
1400 2084 1482 2147 veri·

351 2195 505 2259 similiter
526 2193 690 2277 imprimis
714 2193 751 2256 R.
777 2191 1025 2269 officinale‚
1059 2191 1176 2255 ΒΑΜ.
1197 2190 1423 2267 Andansonia‚
1441 2190 1480 2253 X.

351 2302 558 2385 (1871-72)
590 2301 671 2377 246;
708 2299 767 2363 XI.
796 2299 1003 2383 (1873-76)
1028 2301 1091 2361 229
1116 2303 1149 2362 et
1173 2298 1211 2362 R.
1236 2298 1480 2382 palmatum,

244 2484 248 2492 ,
351 2408 452 2472 LINN.
477 2407 568 2491 Syst.
594 2407 644 2470 ed.
670 2407 710 2469 X.
739 2408 833 2482 1010,
866 2426 1003 2490 prorsus
1026 2405 1080 2468 vel
1103 2405 1226 2490 partim
1250 2404 1480 2469 decorticatus.

396 2549 517 2613 Frusta
539 2548 735 2614 centimetra
757 2547 800 2611 ad
829 2551 869 2611 15
894 2548 1002 2632 longa,
1033 2568 1145 2613 crassa
1167 2547 1362 2611 centimetra
1384 2547 1427 2610 ad
1451 2549 1480 2624 8,

351 2656 475 2743 gravia,
495 2655 587 2733 dura,
608 2653 749 2739 fragilia,
782 2653 900 2718 formis
918 2654 1170 2718 diversissimis:
1195 2654 1321 2719 tumide
1340 2653 1483 2718 rotunda

351 2763 405 2828 vel
437 2762 620 2847 cylindrica
653 2762 707 2825 vel
740 2762 854 2827 conica
888 2763 941 2825 vel
967 2761 1158 2846 prismatica
1181 2762 1234 2826 vel
1255 2781 1406 2846 repressa
1429 2761 1482 2824 vel

351 2871 447 2954 plane
481 2869 620 2955 globosa
654 2868 708 2932 vel
741 2868 841 2932 etiarn
877 2868 1057 2933 enormiter
1086 2868 1223 2947 cubica3
1254 2889 1351 2953 seepe
1374 2866 1482 2953 perio·

350 2983 432 3055 rata,
452 2977 488 3039 in
507 2975 672 3040 foramine
695 2997 764 3039 non
786 2997 863 3039 raro
886 2996 964 3060 pers
987 2973 1088 3052 funis,
1109 2975 1144 3038 in
1157 2981 1306 3040 extremo
1319 2974 1481 3038 foramine

350 3085 447 3168 plane
459 3083 618 3167 persecti3
639 3087 734 3146 extra
754 3080 998 3166 quodammodo
1017 3082 1180 3167 angulosa
1191 3083 1269 3168 quia
1281 3080 1482 3146 decorticata

352 3195 439 3266 sunt,
463 3187 637 3253 ueletiam
661 3187 786 3272 grossis
810 3188 910 3253 sulcis
926 3189 1136 3252 transversis.
1161 3189 1359 3275 Superficies
1372 3186 1481 3252 fusco-

350 3296 440 3360 flava
454 3315 461 3373 ;
481 3295 539 3359 ubi
561 3301 676 3360 cortex
699 3317 767 3360 non
791 3315 927 3379 prorsus
939 3299 1088 3358 remotus
1100 3300 1160 3373 cst,
1175 3295 1355 3372 obscurior,
1370 3293 1480 3359 fusco-

350 3403 478 3488 grisea3
514 3402 666 3486 partibus
699 3402 912 3466 decorticatis
934 3423 1020 3486 aqua
1042 3401 1250 3480 madefactis,
1275 3423 1334 3486 per
1356 3401 1481 3466 vitrum

351 3510 498 3595 opticum
541 3509 705 3594 spectanti
747 3515 908 3593 apparent
949 3509 1166 3572 creberrimae
1208 3507 1308 3572 striae
1349 3529 1480 3593 parvae,

350 3622 568 3695 transversae,
593 3617 732 3681 obscure
754 3614 970 3680 rubrofuscae
993 3615 1093 3698 (radii
1115 3615 1326 3698 medullares)
1348 3616 1383 3678 in
1406 3636 1482 3678 area

350 3725 454 3801 clara3
478 3730 591 3810 partes
614 3723 771 3788 clariores
795 3745 862 3786 non
882 3744 958 3786 raro
982 3723 1356 3800 maculastransversas,
1369 3721 1481 3786 rhom-

351 3832 429 3896 beas
463 3830 628 3908 efficiunt,
664 3831 753 3894 intra
787 3850 870 3913 quas
896 3851 1018 3913 parvae
1042 3829 1142 3893 striae
1167 3831 1325 3894 obscurae
1347 3828 1479 3906 adsunt,

350 3937 518 4002 interdum
542 3936 668 4001 formas
680 3936 886 4001 stellularum
899 3936 1094 4000 exhibentes
1105 3957 1111 4014 ;
1137 3937 1325 4021 superficies
1337 3935 1481 3999 obducta

350 4049 402 4109 est
436 4043 571 4130 pulvere
605 4044 676 4107 rhei
712 4041 908 4108 fuscoflavo.
944 4043 1104 4108 Fractura
1134 4049 1324 4108 transversa
1352 4063 1479 4127 aspera,

350 4172 503 4234 mances,
524 4150 718 4236 griseoalba,
732 4149 856 4214 crebris
868 4171 998 4236 quoque
1011 4151 1103 4215 striis
1115 4149 1328 4228 tenuissimis,
1342 4150 1480 4213 obscure

349 4256 556 4321 rubrofuseis
580 4256 696 4338 (radiis
719 4255 982 4340 medullaribus).
1007 4257 1116 4322 Radix
1131 4260 1480 4341 transversepcrsecta
