3530 5026
824 510 865 574 75

277 712 429 772 stomata.
477 705 635 792 Amylum
658 704 796 769 nullum.
836 705 961 769 Breves
982 704 1120 769 cellulae
1144 705 1406 792 solerenchyma

277 815 358 880 ticae
380 819 416 880 et
439 833 522 878 vasa
543 811 689 889 retifera,
710 811 739 877 si
761 811 893 889 adsunt,
917 811 1068 876 indicant
1091 811 1259 878 admixtos
1281 813 1407 899 pedun-

276 922 382 1000 culos;
407 919 567 1004 amylum,
592 918 748 1006 stodeat,
771 918 898 983 indicat
921 917 1090 983 admixtos
1113 919 1364 1005 anthophyllos.

320 1025 626 1113 Caryophyllorum
645 1024 801 1110 pulveris,
815 1025 923 1111 parati
935 1046 952 1089 e
965 1023 1203 1112 Caryophyllis
1215 1048 1275 1112 per
1285 1027 1406 1092 calcem

278 1133 386 1198 vivam
420 1132 563 1210 siccatis,
587 1131 782 1217 grammatic
806 1133 847 1195 10
870 1153 931 1217 per
953 1133 1089 1197 aethera
1109 1133 1275 1212 extractis,
1289 1134 1406 1199 deinde

276 1240 408 1304 aethere
438 1237 559 1304 caloris
581 1237 688 1322 gradu
710 1237 820 1302 minus
842 1260 942 1325 quam
966 1238 1025 1304 60ο
1047 1243 1238 1323 evaporato
1263 1241 1406 1306 extracti

277 1345 448 1412 aromatici
468 1349 656 1430 grammata
677 1366 746 1409 non
768 1345 879 1410 minus
901 1366 1001 1430 quam
1025 1348 1078 1422 25
1101 1345 1278 1431 supersint.

320 1451 625 1538 Oaryophyllorum
648 1451 758 1539 pulvis
781 1451 974 1517 combustus
997 1451 1118 1517 cineris
1141 1474 1183 1516 ne
1207 1453 1404 1539 plusquam

277 1564 386 1644 partes
409 1559 610 1625 centesimas
633 1561 653 1624 6
675 1558 853 1644 relinquat.

319 1664 624 1752 Ooryophyllorum
657 1664 768 1750 pulvis
800 1686 843 1729 nc
876 1664 1003 1731 diutius
1033 1688 1132 1752 quam
1154 1687 1258 1731 unum
1280 1689 1405 1732 annum

276 1778 431 1838 servetur.

633 2150 684 2248 -Ι-
717 2152 959 2249 Galerio.

317 2333 516 2399 Extractum
550 2331 586 2395 in
623 2330 721 2396 India
755 2330 920 2397 Orientali
954 2331 1199 2399 Nederlandica
1232 2334 1403 2419 coquendo

275 2445 425 2524 paratum
449 2461 468 2504 c
491 2437 583 2503 foliis
606 2442 640 2503 et
662 2439 764 2503 ramis
786 2438 916 2504 arboris
935 2438 988 2504 cui
1007 2461 1129 2504 nomen
1144 2442 1197 2505 est
1212 2439 1404 2506 Uncaria

275 2546 485 2623 Gambier,
510 2545 621 2610 Roxs.
642 2545 741 2609 Hert.
767 2545 870 2630 Beng.
897 2547 949 2610 86.

314 2707 475 2772 Tesserae
487 2709 583 2769 extra
594 2703 797 2770 fuscollavae
809 2703 985 2783 aduncas,
1007 2703 1156 2770 fractura
1166 2706 1287 2772 coloris
1298 2707 1403 2772 multo

273 2812 438 2893 clarioris3
462 2832 564 2897 sapor
585 2811 868 2897 peradstringens.

315 2918 466 2985 Cotcchu
499 2917 646 3004 pulveris
669 2938 820 3003 gramma
844 2922 861 2981 1
887 2919 1014 2984 sicum
1037 2919 1175 3005 spiritus
1198 2920 1403 2986 centimetris

272 3025 395 3092 cubicis
430 3028 473 3090 20
507 3029 703 3091 concoctum
739 3026 813 3104 erit,
850 3047 938 3111 pars,
970 3047 1055 3111 quae
1082 3026 1167 3092 solvi
1190 3048 1258 3091 non
1281 3031 1401 3112 potest,

273 3133 396 3198 siccata
417 3132 539 3198 caloris
561 3131 668 3218 gradu
693 3132 781 3211 100⁰,
813 3132 1120 3218 milligrammatum
1143 3155 1184 3197 ne
1209 3132 1402 3218 plusquam

274 3241 337 3303 200
352 3239 415 3318 sit;
435 3239 529 3305 ouius
545 3238 723 3304 solutionis
735 3238 935 3324 spirituosoe
948 3244 1046 3326 gutta
1060 3244 1076 3304 1
1091 3244 1125 3304 et
1137 3239 1275 3325 spiritus
1286 3246 1403 3324 guttae

274 3349 314 3410 10
337 3350 372 3410 et
394 3345 535 3411 chloreti
558 3344 669 3410 ferrici
693 3350 792 3431 gutta
805 3350 822 3409 1
837 3346 1178 3412 commixtaceviridi
1201 3347 1402 3412 atraefiunt.

316 3451 466 3519 Catechu
500 3451 647 3538 pulveris
680 3473 830 3538 gramma
866 3454 883 3516 l
920 3453 1047 3518 sicum
1069 3475 1174 3540 aquae
1197 3453 1402 3518 centimetris

272 3559 394 3626 cubicis
433 3563 475 3624 50
509 3565 703 3625 concoctum
737 3559 810 3637 erit,
845 3559 962 3625 mixtis
994 3560 1111 3626 calidis
1144 3559 1288 3637 filtratis,
1312 3581 1400 3644 pars,

273 3687 354 3750 quae
376 3665 462 3732 solvi
485 3687 554 3730 non
577 3671 698 3751 potest,
711 3667 835 3732 siccata
850 3666 969 3732 caloris
981 3667 1088 3752 gradu
1101 3667 1189 3745 100⁰,
1210 3665 1402 3752 milligram-

273 3777 395 3838 matum
418 3795 462 3839 ne
484 3773 560 3858 plus
582 3794 682 3859 quam
709 3775 772 3838 100
796 3773 855 3852 sit;
879 3795 898 3838 e
921 3772 1048 3859 liquore
1064 3794 1189 3860 aquoso
1201 3773 1400 3858 refrigerato

275 3879 380 3962 pulvis
402 3879 591 3958 subfuscus‚
616 3879 832 3966 crystallinus
855 3880 1043 3966 deponitur.

318 3985 464 4054 Catechu
493 3987 704 4052 combustum
727 3987 847 4053 cineris
871 4009 912 4051 ne
936 3988 1132 4074 plusquam
1156 3992 1268 4072 partes
1291 3988 1401 4050 cente-

277 4090 370 4158 simas
394 4098 413 4160 5
437 4093 616 4180 relinquat.
