3532 5034
881 497 945 560 506

683 691 807 755 cubicis
832 695 861 768 5,
882 690 1055 768 calefactu,
1069 713 1135 777 quo
1148 691 1380 757 decolorentur
1392 692 1495 758 acidi·

679 797 800 863 oxalici
819 799 1069 864 centinormnlis
1087 800 1283 865 centimetra
1302 801 1418 866 cubica
1435 802 1477 864 10

680 905 867 989 requirant.

353 1044 516 1115 *Solatia
540 1045 703 1114 chloreti
726 1048 835 1115 loon.

635 1153 834 1219 Trichloreti
857 1155 943 1220 Iodii
967 1163 1154 1241 grammata
1179 1159 1198 1220 9
1222 1157 1313 1221 solve
1335 1157 1371 1220 in
1390 1177 1477 1220 com-

679 1261 792 1326 mixtis
812 1262 908 1326 Acidi
927 1264 1044 1328 acetici
1056 1263 1260 1328 concentrati
1273 1263 1477 1328 centimstm's

679 1369 804 1435 cubicis
829 1370 893 1435 700
917 1375 951 1434 et
967 1371 1478 1436 Tetrachloretiearbonicicen-

683 1476 825 1541 timetris
849 1477 974 1542 cubicis
997 1479 1081 1556 3003
1104 1478 1204 1542 modo
1226 1477 1317 1542 inira
1329 1477 1477 1543 indicato

679 1582 830 1649 Ohloruti
863 1584 950 1648 Iodii
983 1591 1145 1670 quantum
1178 1585 1215 1649 in
1249 1585 1368 1650 solutis
1397 1585 1478 1650 insit

678 1697 798 1757 statue.
835 1691 909 1771 Quo
943 1692 1036 1757 lacto
1057 1693 1168 1758 soluta
1191 1715 1266 1757 cum
1289 1692 1375 1757 Iodii
1398 1697 1478 1757 ante

677 1799 713 1862 in
747 1800 916 1884 pulverem
951 1801 1077 1865 redacti
1108 1801 1304 1885 grammatis
1336 1803 1377 1864 10
1400 1821 1478 1864 con-

679 1927 809 1991 quassa‚
837 1907 917 1971 dum
949 1906 1135 1972 solutorum
1158 1914 1351 1992 paratorum
1374 1909 1478 1972 centi-

679 2017 786 2077 metra
819 2015 934 2079 cubica
959 2019 978 2078 5
1010 2014 1218 2080 esclutione
1249 2013 1352 2078 iodcti
1374 2014 1476 2078 kaliei

676 2119 819 2184 liberent
837 2120 918 2184 iodii
940 2122 1161 2205 quantitatem
1174 2141 1243 2185 non
1254 2120 1365 2185 minus
1377 2142 1476 2206 quam

677 2227 908 2312 sesquiplieem
921 2249 1020 2312 quam
1040 2249 1125 2313 quae
1147 2228 1184 2291 in
1207 2227 1317 2312 priore
1340 2227 1477 2313 inquisi-

679 2334 770 2398 tione
803 2340 936 2421 1eperte
970 2339 1032 2400 est.
1075 2335 1193 2399 Soluta
1223 2334 1350 2399 filtrata
1381 2334 1477 2398 Acidi

677 2441 794 2505 acetioi
828 2442 1037 2507 concontrati
1060 2446 1156 2506 tanta
1180 2442 1369 2527 quantitate
1386 2440 1476 2504 dilue

678 2553 716 2612 ut
761 2548 939 2613 solutionis
980 2548 1120 2613 chloreti
1158 2548 1239 2613 iodii
1279 2548 1476 2613 centimetra

676 2655 793 2720 cubica
805 2660 824 2721 5
834 2677 908 2720 cum
921 2654 1127 2721 thiosullatis
1139 2656 1261 2721 notrici
1271 2655 1476 2720 centimetris

677 2761 802 2825 cubicis
828 2763 869 2825 10
892 2761 1104 2827 conveniant.

634 2866 785 2931 Chlor-eti
819 2869 906 2932 lodii
937 2875 1100 2955 quantum
1131 2870 1242 2935 soluta
1271 2869 1474 2945 contineant,

678 2974 727 3038 ita
739 2976 911 3040 statuitur:
924 2975 1119 3040 Solutorum
1127 2974 1475 3041 centimetracubica5

678 3082 779 3146 misce
798 3082 976 3147 solutionis
995 3083 1100 3148 iodeti
1119 3083 1218 3147 kaliei
1237 3085 1270 3166 (1
1286 3108 1320 3141 =
1337 3084 1392 3166 10)
1401 3102 1476 3145 een-

679 3189 822 3254 timetris
853 3190 978 3255 cubicis
1011 3192 1052 3254 10
1083 3195 1117 3254 ct
1144 3211 1249 3274 aquae
1271 3188 1476 3253 centimetris

677 3295 802 3360 cubicis
819 3300 877 3376 303
898 3297 1065 3361 solutione
1077 3294 1179 3382 amyli
1189 3295 1383 3372 indicatore,
1396 3295 1477 3358 titre

679 3425 738 3488 per
766 3402 998 3470 thiosullatcm
1021 3403 1186 3468 natricum
1209 3400 1474 3467 doeinormalem.

371 3542 510 3612 Salutio
533 3547 732 3629 spirltuosa
754 3546 931 3628 Hydratis
955 3547 1064 3613 kalicl
1088 3546 1275 3614 normalis.

634 3653 772 3738 Hydros
807 3653 936 3719 kalicus
971 3653 1100 3718 solutus
1133 3653 1169 3716 in
1204 3653 1349 3737 Spiritus
1380 3657 1476 3716 tanta

678 3762 867 3847 quantitate
886 3766 924 3826 ut
944 3762 1131 3826 solutorum
1150 3760 1345 3825 centimetra
1360 3759 1476 3824 cubica

678 3872 729 3946 10,
754 3891 821 3954 quo
844 3868 995 3934 neutrius
1013 3867 1192 3932 reactionis
1211 3867 1288 3948 sint,
1302 3865 1388 3930 acidi
1399 3887 1476 3930 nor—

676 3976 773 4041 malis
797 3975 993 4040 oentimetra
1016 3975 1131 4039 cubica
1155 3975 1196 4038 10
1219 3973 1400 4058 requirant.

367 4118 510 4188 Salutio
533 4120 729 4204 spirituosn
753 4117 928 4199 uxoratis
950 4118 1062 4186 kallcl
1086 4116 1365 4186 seminormslls.

633 4223 769 4309 Hydros
805 4225 933 4289 kalicus
967 4225 1097 4290 solutus
1131 4225 1166 4289 in
1201 4223 1347 4309 Spiritus
1380 4226 1477 4286 tanta
