3544 5050
860 486 925 556 363

563 683 613 782 -Ι-
646 685 838 783 Samen
874 684 1137 782 trictici.

372 865 507 931 Semina
542 870 672 930 matura
706 885 790 950 quae
825 862 892 929 fert
916 862 1172 930 colchicum
1197 863 1455 942 autumnale,

327 972 427 1037 er.
452 973 510 1058 Sp.
535 971 583 1037 Pl.
608 973 684 1038 341.

371 1133 561 1198 Millimctra
583 1132 626 1197 ed
644 1135 665 1198 3
683 1132 792 1216 longa,
806 1153 942 1210 cornea;
955 1153 1022 1196 non
1033 1130 1132 1197 facile
1143 1131 1180 1195 in
1190 1131 1361 1218 pulverem
1372 1129 1459 1194 redi-

324 1245 465 1324 guntur3
491 1239 562 1304 fere
573 1238 969 1324 globosanonnmiquam
980 1238 1056 1324 plus
1068 1238 1220 1302 minusve
1231 1237 1392 1322 argillosa
1405 1237 1458 1302 vel

326 1345 477 1433 oblonga,
491 1347 526 1410 in
541 1347 647 1411 altera
659 1351 752 1431 parte
765 1345 950 1431 strophiolo
961 1350 1060 1410 acuto
1071 1344 1126 1410 vel
1137 1345 1318 1410 enormiter
1328 1345 1458 1431 placen·

324 1453 462 1530 tiformi,
487 1453 562 1538 plus
585 1453 737 1518 minusve
761 1456 947 1536 corrugata
973 1451 1068 1517 fusco
1091 1450 1277 1515 velalbido.
1302 1451 1457 1536 Spermo·

324 1559 448 1624 dormis
481 1559 601 1637 tenuis,
637 1559 729 1635 dura,
766 1579 882 1643 pamm
917 1579 1048 1644 rugosa,
1085 1558 1218 1643 punctis
1239 1556 1455 1634 tenuissimis,
1544 1597 1545 1600 =

324 1688 391 1730 non
425 1665 539 1744 nitida,
575 1665 754 1730 admodum
778 1665 917 1730 obscure
939 1664 1146 1731 rubrofusca.
1179 1663 1457 1749 Endospermium

324 1794 491 1858 magnum,
516 1793 681 1850 corneum,
706 1771 839 1837 sordide
861 1771 985 1837 album.
1006 1769 1457 1856 Embryomillimetridimi·

324 1877 413 1943 diam
444 1885 573 1964 partem
606 1881 690 1963 (0,5)
723 1879 853 1964 longus,
885 1879 920 1942 in
947 1878 1180 1963 endospermio
1202 1877 1273 1942 fere
1295 1877 1457 1942 adversus

324 1985 429 2050 hilum
452 1986 592 2070 positus.

369 2091 462 2156 Odor
484 2092 609 2171 nullus3
635 2113 733 2178 sapor
757 2113 959 2178 peramarus.

368 2199 489 2263 Samen
512 2197 660 2265 Colchici
683 2221 725 2263 ne
747 2199 874 2264 diutius
896 2220 996 2285 quam
1019 2219 1122 2264 unum
1146 2219 1270 2262 annum
1294 2200 1455 2260 servetur.

790 2425 991 2434 υ--αη-...μ-

550 2576 599 2675 -Ι-
633 2579 825 2677 Samen
874 2531 1146 2677 Crotonis.

369 2769 504 2833 Semina
539 2791 623 2856 quae
659 2770 795 2854 praebet
831 2767 995 2835 Croton
1019 2767 1220 2852 Tiglium,
1257 2768 1358 2832 LINN.
1395 2767 1452 2852 Sp.

326 2875 494 2943 P1.1004.

368 3033 575 3118 Longitudo:
602 3035 635 3098 M
665 3060 698 3094 τ.-
726 3033 917 3098 millimetra
944 3037 1028 3112 10,5‚
1053 3033 1083 3114 Q
1112 3061 1145 3094 =
1162 3033 1452 3110 millimetri0,64;

323 3138 481 3204 latitudo:
506 3139 541 3203 Μ
569 3165 602 3200 .-.
631 3141 821 3205 millimetra
846 3141 908 3218 7,2‚
934 3139 1014 3220 Q:
1032 3139 1213 3205 millimetri
1226 3142 1296 3218 0,4;
1310 3139 1454 3225 oblonga

324 3246 590 3310 extremitatibus
614 3246 752 3323 obtusis,
778 3247 927 3332 margine
952 3247 1121 3325 subacuto,
1143 3247 1269 3313 directo
1288 3247 1324 3310 in
1342 3252 1454 3332 partes

326 3354 344 3415 2
368 3373 436 3416 non
459 3373 595 3437 prorsus
617 3375 739 3437 aequas
763 3353 878 3430 divisa,
900 3375 1039 3439 quarum
1059 3355 1163 3419 altera
1182 3353 1289 3442 magis
1308 3359 1452 3431 arenata,

323 3480 391 3522 non
413 3479 489 3523 raro
512 3459 671 3524 lateribus
696 3463 714 3523 2
738 3461 845 3546 magis
868 3459 1004 3525 directis
1027 3466 1060 3525 et
1084 3466 1176 3526 costa
1199 3461 1327 3538 obtusa,
1348 3461 1453 3524 altera

323 3564 482 3630 lateribus
517 3567 536 3628 2
567 3564 703 3630 directis
726 3571 760 3631 et
783 3571 875 3631 costa
894 3567 1091 3650 subobtnsa;
1104 3566 1192 3631 unde
1209 3572 1320 3631 totum
1339 3587 1453 3630 semen

321 3677 511 3737 transverse
531 3679 718 3758 persectum
734 3695 831 3758 saepe
847 3673 1036 3750 enormiter,
1051 3673 1169 3738 obtuse
1180 3672 1376 3737 rhombeum
1389 3678 1450 3736 cst.

323 3777 586 3863 Spermodermis
620 3778 712 3856 dura,
747 3779 887 3865 fragilis,
923 3801 991 3843 non
1013 3779 1128 3858 nitida,
1153 3779 1274 3844 coloris
1296 3779 1451 3843 diversis·

322 3882 407 3959 simi,
433 3888 532 3967 prout
551 3883 767 3969 desquamata
778 3891 843 3964 est;
857 3891 999 3951 stratum
1011 3890 1196 3950 extremum
1209 3890 1317 3962 tenne,
1332 3884 1452 3950 coloris

322 3989 551 4067 cinnamomei,
592 3990 654 4054 sub
688 4011 755 4075 quo
789 3997 931 4056 stratum
965 3998 1073 4070 tenne,
1111 3992 1230 4057 coloris
1265 3990 1450 4069 insectati,

321 4095 456 4160 tandem
481 4101 622 4162 stratum
646 4097 798 4176 crassius,
819 4098 1057 4184 fusconigmm
1078 4099 1125 4164 ita
1144 4105 1182 4165 ut
1194 4096 1453 4163 seminacoloris

321 4201 541 4267 cinnamcmei
565 4209 599 4268 ct
621 4203 797 4268 fuscoflavi
819 4210 852 4269 et
875 4205 964 4290 nigri
987 4211 1020 4270 et
1044 4206 1149 4271 multa
1172 4205 1225 4270 his
1247 4201 1413 4270 coloribus
1431 4206 1452 4268 3
