3532 5034
898 504 963 568 486

841 697 1026 765 Antidota.

410 823 574 888 Antidota
607 821 797 888 adhibenda
831 827 910 886 sunt
940 823 1070 887 ratione
1100 823 1215 888 habita
1244 833 1500 910 praeceptorum

366 931 429 996 sub
451 929 481 994 A
504 930 738 996 iudicatorum.

409 1037 451 1102 In
474 1037 643 1103 veneficiis
665 1037 765 1102 foetis
788 1060 863 1124 per:

367 1199 499 1265 Acida.
540 1198 698 1284 Oxydum
732 1199 957 1282 magnesicum
991 1203 1194 1284 (gmcmmetc
1229 1202 1270 1262 10
1293 1219 1368 1263 cum
1391 1221 1497 1286 nqueo

409 1306 615 1370 centimetris
638 1304 763 1372 cubicis
789 1307 868 1388 200)
890 1305 944 1369 vel
968 1305 1019 1370 lec
1042 1305 1140 1371 culcis
1164 1305 1316 1371 dilutum.

367 1449 532 1515 Acidum
563 1449 803 1514 chromicum
827 1452 861 1512 et
885 1447 1132 1516 ChromateS.
1179 1448 1412 1513 Bicerbonctis
1435 1471 1494 1513 ne-

410 1554 485 1619 trici
506 1552 700 1638 (solutionis
723 1553 875 1640 pertibus
898 1553 1087 1619 centesimis
1108 1557 1143 1638 5)
1154 1554 1339 1620 cochlearia
1351 1554 1494 1640 singisse.

364 1718 529 1783 Acidum
564 1716 901 1800 hydrocyanicum
935 1720 969 1780 et
996 1715 1184 1800 cyaneta.
1220 1715 1495 1800 Permangenctis

408 1822 509 1886 kulici
520 1827 707 1908 grammate
720 1826 772 1900 2,5
784 1821 820 1886 in
832 1843 937 1908 equae
949 1823 1154 1887 centimetris
1166 1820 1291 1886 cubicis
1300 1823 1365 1886 500
1373 1821 1493 1886 soluto.

408 1930 555 2014 Spiritus
578 1936 650 1996 erte
672 1931 882 1995 restituatur.

364 2091 503 2157 Alcali.
539 2090 644 2155 Acidu
674 2089 780 2155 diluta
809 2091 921 2174 [sucus
951 2091 1027 2155 citri
1050 2111 1125 2155 cum
1148 2111 1243 2175 uque,
1267 2089 1398 2155 acidum
1421 2111 1494 2154 oce-

408 2198 510 2262 ticum
543 2201 654 2282 (perte
687 2197 868 2262 centesima
892 2199 935 2282 1),
959 2197 1090 2264 acidum
1112 2197 1263 2263 citricum
1286 2199 1396 2282 (perte
1418 2217 1494 2262 cen-

409 2304 527 2369 tesima
552 2305 610 2388 1)].

365 2467 592 2533 Alcaioidea
636 2467 784 2550 (praeter
817 2487 864 2542 ee,
912 2487 996 2550 quse
1027 2466 1089 2530 hcc
1118 2466 1153 2530 in
1188 2466 1302 2532 tebule
1337 2487 1493 2552 expresso

407 2572 647 2654 nominentur).
664 2571 794 2636 Solutio
806 2572 951 2637 Tannini
962 2577 1073 2657 (parte
1089 2573 1372 2657 centesimcl)vel
1382 2573 1493 2638 These

406 2679 580 2743 decoctum
603 2676 736 2743 fortius.

365 2845 516 2924 Aquam
540 2840 769 2907 chloratam.
793 2839 924 2905 Solutio
946 2841 1125 2906 albuminis
1136 2841 1306 2924 (albumen
1318 2847 1491 2907 ovorum5

404 2947 440 3010 in
463 2968 569 3031 nqueo
592 2947 798 3012 centimetris
821 2947 946 3013 cubicis
970 2950 1035 3011 500
1058 2948 1219 3032 solutum)
1241 2949 1295 3012 vel
1319 2949 1378 3014 lec.

360 3109 580 3190 Argentum
604 3109 857 3176 continentia.
882 3109 1013 3174 Solutio
1025 3109 1204 3174 albuminis
1223 3112 1277 3192 (ut
1288 3130 1347 3194 per
1358 3110 1489 3194 Aquam

404 3214 603 3297 chlorutum)
636 3221 670 3279 et
704 3215 835 3280 Solutio
869 3217 1008 3281 chloreti
1043 3217 1163 3282 nutrici
1185 3219 1386 3302 (grammate
1411 3219 1432 3280 3
1454 3215 1491 3280 in

404 3342 510 3406 eques
532 3321 738 3386 centimetris
760 3322 884 3388 cubicis
908 3324 974 3387 300
997 3323 1131 3406 solute).

361 3465 619 3532 Arsenicalia.
644 3465 722 3530 Puls
744 3488 860 3531 recens
884 3472 1002 3551 pereto
1025 3487 1042 3530 e
1065 3465 1313 3552 conquassatis:
1338 3488 1370 3530 a.
1394 3466 1490 3530 Solu-

403 3572 504 3636 tionis
541 3571 690 3638 Chloreti
715 3573 826 3638 ferrici
850 3573 1046 3660 grammatis
1070 3574 1247 3656 sexaginte
1269 3574 1352 3658 (60),
1384 3595 1491 3657 oquae

405 3679 610 3745 centimetris
644 3681 770 3746 cubicis
806 3683 871 3745 250
905 3681 1031 3759 dilutis,
1059 3687 1094 3747 et
1116 3681 1144 3745 b.
1168 3681 1283 3746 mixtis
1307 3679 1490 3766 aequaliter

404 3785 516 3871 Oxydi
539 3788 722 3871 magnesici
744 3790 938 3873 gremmetis
963 3788 1229 3875 quattuordecim
1252 3790 1325 3873 (14)
1336 3792 1370 3852 et
1385 3807 1492 3873 equee

403 3893 611 3958 centimetris
645 3895 769 3960 cubicis
805 3899 879 3960 250.
916 3895 1019 3962 Cuius
1043 3896 1146 3980 pultis
1168 3895 1266 3960 initio
1290 3896 1391 3959 horne
1415 3915 1491 3978 pur-

406 4000 496 4065 tibus
532 4002 749 4086 sexagesimis
784 4003 894 4087 quinis
924 4005 975 4087 (5)
997 4001 1181 4068 cochlearia
1203 4001 1282 4066 bine
1304 4003 1356 4087 (2)
1378 4001 1490 4065 dende

407 4111 496 4183 sunt,
531 4106 652 4171 deinde
686 4107 801 4172 eodem
834 4108 926 4174 dosis
960 4109 1141 4175 maioribus
1177 4109 1337 4194 temporis
1370 4107 1490 4193 spatiis

403 4213 613 4279 intermissis.
704 4243 707 4249 ·
