3582 5034
872 551 935 616 331

331 748 532 825 cohaerenti,
557 746 791 812 fasciculorum
814 745 993 831 xylematis
1016 745 1136 810 coloris
1152 745 1310 824 clarioris3
1323 743 1467 810 medulla
1554 741 1557 750 '

333 877 463 942 magna,
499 855 534 918 in
569 854 767 919 internodiis
802 875 900 938 saepe
930 875 1019 930 cava,
1045 858 1117 917 tum
1141 875 1201 938 per
1222 852 1466 938 longitudinem

333 962 457 1048 saeptis
479 983 556 1027 cum
579 961 677 1026 nodis
695 959 972 1026 convenientibus
991 959 1026 1023 in
1038 959 1164 1025 loculos
1176 959 1293 1024 divisa.
1308 959 1466 1023 Omnium

334 1069 479 1154 partium
502 1067 693 1154 superficies
715 1065 929 1152 griseoiusca,
955 1071 1096 1131 tamena.

377 1175 596 1260 Microscopia
618 1174 765 1260 pulveris
788 1174 946 1252 radicum,
970 1173 1124 1252 sandicis,
1148 1174 1365 1260 flagellorum.
1395 1170 1466 1238 Oel-

333 1282 419 1346 lulae
430 1282 739 1368 parenchymaticae
751 1280 924 1367 oblongae,
933 1281 1017 1345 aliae
1028 1281 1238 1367 leptotichae,
1248 1281 1332 1345 aliae
1344 1281 1466 1366 pachy-

333 1389 450 1467 tiobae,
474 1410 712 1474 nonnunquam
736 1389 848 1473 amylo
866 1387 1032 1473 impletae,
1045 1387 1225 1452 nonnullae
1235 1387 1357 1453 coloris
1368 1385 1465 1451 fusci.

333 1496 421 1561 Vasa
454 1495 682 1572 scrobiculata,
718 1500 752 1560 et
785 1495 921 1580 spiralia
954 1499 988 1559 ct
1022 1495 1180 1573 anularia,
1211 1493 1313 1558 fibrae
1336 1514 1467 1579 quoque

333 1601 535 1667 libriiormes
558 1603 593 1665 in
616 1600 793 1667 fasciculos
811 1601 958 1667 collecta.
973 1599 1466 1686 Celliilaesclerenchymaticae

333 1709 668 1795 oblongoquadratac,
690 1709 883 1774 scrobiculis
902 1708 1086 1786 altioribus,
1107 1729 1347 1792 nonnunquam
1369 1706 1466 1771 valde

333 1816 560 1902 pachytichae.
574 1815 687 1901 Amyli
699 1815 781 1881 satis
793 1816 945 1894 multum,
956 1837 1060 1900 grana
1068 1815 1231 1901 simplicia
1239 1813 1466 1899 etoomposita

333 1922 375 1986 ad
399 1922 623 2008 hoxadclphs;
648 1943 753 2008 grana
776 1921 939 2006 simplicia
962 1922 1063 2007 longa
1084 1923 1124 1984 10
1137 1921 1180 1986 ad
1195 1924 1235 1985 15
1248 1945 1283 1999 μ,
1298 1920 1466 1986 sedetiam

332 2029 439 2094 multo
462 2029 601 2094 minora.
627 2030 754 2094 Paucae
777 2029 913 2095 cellulae
932 2028 1145 2114 cpidermidis
1168 2027 1245 2114 pilis
1255 2027 1465 2105 radicalibus,

332 2136 468 2201 cellulae
491 2137 669 2201 suberosae
691 2136 787 2214 latae,
807 2135 1009 2199 membranis
1026 2135 1192 2212 tenuibus,
1205 2134 1318 2212 fuscis,
1331 2133 1467 2199 cellulae

332 2243 583 2328 hypodermatis
614 2248 648 2308 ct
676 2243 815 2329 vaginae
839 2243 972 2328 punctis
996 2241 1165 2329 Casperiis
1187 2242 1339 2327 insignis,
1363 2263 1466 2304 mem-

333 2349 446 2414 branis
470 2349 635 2428 tenuibus,
660 2349 839 2414 admodum
863 2349 1118 2414 breviundulate
1140 2348 1246 2413 flexis.

377 2456 516 2522 Radices
549 2462 700 2522 recentes
734 2457 846 2522 odoris
880 2455 951 2520 fere
985 2461 1139 2542 expertes
1173 2459 1261 2532 sunt,
1297 2453 1355 2520 scd
1385 2454 1465 2518 dum

332 2562 497 2627 siccantur
520 2568 554 2627 ct
576 2569 753 2628 servantur
775 2563 935 2650 paulatim
960 2563 1095 2628 odorem
1123 2583 1269 2648 gravem,
1293 2561 1465 2647 proprium

332 2675 504 2756 spargrmt.
540 2671 647 2757 Sapor
681 2670 890 2749 aromaticus,
923 2670 1069 2748 subaccr,
1101 2670 1237 2754 insuper
1259 2668 1464 2732 subamarus.

572 3140 622 3237 ·l·
658 3143 859 3237 Rasina
901 3143 1139 3264 lalapaa.

379 3318 514 3384 Percola
537 3341 596 3405 per
619 3320 774 3405 spiritum

430 3431 584 3483 Radicem
604 3433 732 3496 Inlapnc
753 3428 792 3482 in
820 3427 1020 3503 pulverem
1048 3424 1357 3504 (B10)redactam

333 3521 412 3585 (lum
435 3523 574 3608 liquoris
597 3524 775 3589 defluentis
797 3529 914 3610 guttae
938 3529 967 3602 5,
991 3523 1116 3589 additis
1138 3545 1243 3609 aquae
1259 3520 1465 3586 centimetris

333 3629 458 3695 cubicis
482 3632 511 3710 2,
535 3631 642 3695 mixta
664 3630 844 3717 praebeant
867 3631 964 3696 clara.

378 3735 507 3822 Spiritu
530 3737 754 3803 destillatione
776 3743 915 3814 remoto,
939 3759 1024 3824 quae
1047 3742 1254 3822 supererunt,
1267 3734 1464 3821 evaporaad

333 3844 587 3909 crassitudinem
621 3845 735 3930 sirupi.
769 3845 817 3909 Ea
847 3844 979 3928 agitans
1008 3843 1097 3907 lente
1121 3844 1155 3907 in
1178 3863 1298 3928 aquam
1321 3840 1463 3917 effirnde,

332 3947 385 4014 iac
408 3949 571 4028 desidant,
595 3952 757 4037 liquorem
781 3950 927 4015 defunds
949 3971 1097 4035 quaeque
1120 3950 1236 4014 relicta
1255 3953 1362 4024 crunt,
1378 3969 1464 4032 aqua

332 4055 438 4120 calida
471 4058 568 4121 ablue
602 4058 682 4122 dum
714 4059 794 4123 hacc
824 4079 892 4120 non
922 4057 1066 4142 amplius
1095 4057 1270 4121 coloretur.
1307 4053 1464 4118 Resinam

331 4163 464 4226 mollem
505 4163 638 4228 assidue
672 4164 805 4249 agitans
839 4163 963 4229 caliace
998 4163 1077 4226 dum
1108 4163 1306 4248 refrigerata
1333 4159 1464 4243 fragilis

333 4266 421 4333 iacta
444 4269 498 4334 sit.
