3582 5034
851 480 915 544 259

361 676 451 742 Num
475 677 548 741 olea
570 676 780 740 mineralium
804 674 909 739 insint
933 675 1113 742 statuitur:

360 783 398 848 Si
438 783 503 849 olei
544 781 778 848 centimetrum
818 782 971 848 cubicum
1008 787 1025 846 1
1062 804 1129 847 una
1163 805 1238 848 oum
1272 784 1449 850 solutionis

315 890 468 976 hydratis
491 889 591 954 kalioi
615 889 814 975 spirituosae
837 888 1044 954 centimetris
1066 890 1191 955 eubiois
1217 895 1257 956 15
1277 891 1312 954 in
1328 891 1447 958 balneo

314 1017 418 1081 aquae
440 995 635 1081 frequenter
656 996 820 1080 agitatum
844 1001 1045 1080 evaporatur
1067 996 1147 1060 dum
1166 996 1253 1062 sioea
1275 999 1352 1076 sint,
1366 1019 1446 1085 sapo

312 1103 457 1182 relictus,
481 1103 517 1166 in
540 1124 626 1189 aqua
648 1103 702 1167 vel
724 1103 759 1166 in
783 1102 904 1188 spiritu
927 1103 1065 1182 solutus,
1091 1104 1121 1168 si
1143 1104 1215 1168 olea
1238 1105 1446 1171 mineralium

314 1209 438 1288 insunt,
463 1211 628 1275 turbatur.

357 1315 394 1380 Si
417 1317 587 1401 postulata
611 1316 816 1402 praescripta
839 1321 937 1380 erunt
959 1317 1001 1381 de
1024 1317 1132 1383 indiae
1151 1318 1376 1384 aoidimetrioo
1392 1319 1446 1384 vel

313 1422 353 1487 de
390 1423 499 1488 indiae
534 1423 817 1508 saponifioationis
851 1424 905 1487 vel
939 1423 980 1488 de
1014 1424 1123 1490 indiae
1157 1424 1373 1504 iodimetrioo‚
1409 1427 1444 1491 hi

312 1529 437 1595 indioes
460 1530 508 1595 ita
531 1535 740 1595 statuantur:

357 1637 525 1702 Statuitur
548 1637 650 1701 index
671 1636 929 1702 aoidimetrious:

356 1743 430 1808 Olei
471 1745 648 1830 grammati
693 1749 710 1807 1
750 1744 835 1809 adde
872 1743 1033 1809 alooholis
1069 1743 1214 1809 absoluti
1248 1746 1444 1812 centimetra

311 1851 426 1916 oubioa
450 1853 492 1915 20
516 1856 550 1916 et
572 1851 883 1936 phenolphthaleini
905 1855 1021 1936 guttas
1045 1855 1064 1915 5
1085 1855 1118 1915 et
1137 1851 1441 1939 assiduaoonquas-

310 1978 387 2022 sans
417 1958 546 2043 (adipes
570 1980 638 2024 non
657 1958 801 2043 liquidos
814 1957 934 2023 leniter
948 1957 1162 2042 calefaciens)
1173 1979 1232 2043 per
1244 1959 1443 2024 solutionem

310 2064 462 2150 hydratis
490 2066 592 2131 kalioi
615 2066 815 2151 spirituosae
839 2065 1105 2130 saminormalem
1132 2066 1213 2130 titra
1235 2066 1315 2130 dum
1337 2066 1442 2131 mixta

311 2172 497 2238 rubescant.

352 2278 461 2344 Index
478 2279 722 2345 aoidimotrious
745 2284 796 2344 ast
818 2300 976 2344 numerus
999 2279 1305 2365 milligrammatum
1328 2280 1439 2358 KOH,

309 2407 391 2470 quae
421 2387 638 2472 requiruntur
667 2392 706 2451 ut
728 2387 823 2452 acida
845 2387 949 2452 libera
972 2387 1007 2450 in
1030 2391 1214 2472 grammate
1240 2392 1257 2450 1
1282 2387 1440 2452 materiae

309 2494 499 2578 exploratae
522 2493 673 2558 neutrius
695 2493 874 2559 reaotionis
896 2493 988 2559 fiant.

352 2599 521 2664 Statuitur
544 2600 645 2665 index
668 2600 968 2686 saponilioationis:

352 2705 427 2772 Olei
468 2729 618 2792 gramma
662 2712 677 2771 1
723 2730 790 2773 una
830 2729 905 2772 oum
940 2708 1116 2772 solutionis
1151 2706 1305 2792 hydratis
1337 2705 1438 2772 kaliei

308 2813 505 2898 spirituosae
539 2815 779 2880 seminormalis
813 2815 1018 2880 centimetris
1041 2814 1165 2879 oubiois
1190 2817 1231 2877 20
1254 2835 1314 2898 por
1336 2814 1437 2877 horae

307 2919 477 2984 dimidiam
507 2926 635 3005 partem
654 2943 729 2986 oum
748 2923 968 2986 restillatione
991 2942 1168 3006 sonnoque,
1193 2919 1278 2984 adde
1300 2920 1437 3006 phenol-

307 3026 493 3109 phthaleini
513 3032 629 3113 guttas
649 3032 678 3106 5,
692 3049 752 3112 per
762 3027 894 3093 aeidum
905 3028 1194 3113 hydroohlorioum
1207 3027 1437 3092 seminormale

307 3132 386 3198 titre
409 3133 489 3197 dnm
511 3135 604 3200 eolor
627 3135 728 3200 ruber
752 3140 943 3201 evanescat..

349 3240 457 3305 Index
479 3242 762 3327 saponifioationis
774 3248 826 3307 est
837 3264 995 3306 numerus
1007 3241 1312 3327 milligrammatum
1325 3240 1435 3318 KOH,

304 3367 388 3430 quae
410 3347 453 3412 ad
476 3347 782 3432 saponifioationem
805 3348 998 3434 grammatis
1024 3352 1040 3410 1
1065 3348 1224 3412 materiae
1246 3348 1436 3433 exploratae

305 3454 528 3538 requiruntur.

350 3559 519 3625 Statuitur
540 3561 642 3625 index
663 3561 907 3628 iodimetrious:

350 3665 424 3730 Olei
460 3667 691 3751 quantitatem,
727 3668 868 3753 singulis
903 3668 984 3732 oleis
1007 3687 1162 3753 expresse
1185 3666 1432 3752 praescriptam,

306 3772 397 3837 solve
431 3772 466 3836 in
505 3773 681 3838 solutionis
715 3774 855 3840 chloreti
885 3773 966 3838 iodii
996 3773 1200 3839 centimetris
1224 3772 1349 3839 cubicis
1373 3774 1433 3850 25;

306 3879 415 3944 soluta
445 3880 480 3944 in
509 3881 629 3967 lagena
651 3881 735 3946 bene
759 3880 916 3946 obturata
939 3904 960 3945 a
981 3881 1054 3946 luee
1076 3885 1205 3945 remota
1228 3900 1351 3964 sepone
1374 3900 1434 3964 per

304 3985 462 4071 temporis
485 3987 631 4071 spatium
653 3987 795 4072 singulis
819 3987 899 4051 oleis
922 3987 1172 4073 praescriptum.
1198 3985 1434 4069 Quotempore

305 4089 477 4158 interiecto
499 4092 585 4158 adde
608 4092 785 4158 solutionis
809 4093 912 4159 iodeti
934 4094 1035 4160 kalioi
1057 4097 1092 4177 (1
1111 4119 1144 4153 =
1164 4093 1219 4176 10)
1238 4089 1435 4156 centimetra

303 4198 417 4264 cubica
441 4202 482 4263 10
505 4205 539 4265 et
562 4221 666 4284 aquae
686 4199 881 4265 centimetra
892 4201 1007 4266 cubica
1021 4203 1084 4264 100
1097 4206 1139 4278 et,
1153 4197 1319 4264 solutione
1330 4197 1434 4280 amyli
