3466 5038
891 448 910 508 2

542 641 592 738 -Ι-
625 643 816 738 tectas
855 642 1172 762 aettyticus.

738 822 875 891 Aether
895 823 1062 891 arcticus.

758 963 1046 1050 OH,.0000,H,.

380 1127 504 1213 Liquor
539 1127 659 1192 coloris
697 1147 824 1210 expers,
865 1126 982 1202 clarus,
1022 1127 1134 1191 odoris
1172 1127 1328 1204 aetherei,
1365 1127 1461 1212 plane

335 1235 490 1312 volatilis,
524 1233 787 1310 inflammabitis;
823 1255 884 1318 pro
919 1232 1066 1318 qualibet
1100 1234 1253 1318 portione
1285 1233 1404 1318 spiritu
1428 1238 1462 1297 ot

334 1341 466 1405 aethere
489 1340 618 1405 misceri
642 1344 762 1424 potest.
795 1340 929 1403 Pondus
953 1339 1141 1424 specificum
1164 1342 1263 1416 0,900
1286 1339 1329 1404 ad
1353 1341 1461 1417 0,904.

337 1448 464 1512 Ebullit
486 1448 606 1512 caloris
629 1447 736 1532 gradu
761 1447 818 1511 74⁰
841 1447 883 1510 ed
909 1448 997 1511 ΠΜ.

379 1557 499 1619 Aeetas
533 1555 719 1639 aethylicus
754 1574 829 1618 cum
862 1560 1062 1638 evaporatur
1096 1553 1231 1618 odorem
1254 1553 1399 1617 alienum
1421 1575 1463 1616 ne

334 1666 471 1746 spargat
510 1683 595 1725 neve
632 1662 668 1724 in
706 1661 822 1726 charta
860 1660 1084 1747 exploratoris
1118 1661 1268 1725 caerulea
1301 1660 1463 1725 maculam

334 1768 468 1832 rubram
490 1768 667 1852 relinquat.
692 1766 821 1834 Caloris
845 1768 952 1852 gradu
978 1769 1035 1832 15⁰
1057 1789 1132 1832 cum
1154 1789 1259 1852 aquae
1282 1767 1354 1853 pari
1371 1766 1463 1830 volu-

335 1875 422 1938 mine
446 1879 686 1958 conquassatus
703 1877 824 1938 Aeetas
837 1874 1022 1958 aethylicus
1035 1875 1212 1938 voluminis
1224 1897 1266 1938 ne
1279 1873 1464 1958 plusquam

334 1987 429 2066 parte
452 1981 580 2044 decima
605 1981 777 2045 minuatur

379 2091 518 2152 Aestate
540 2087 707 2172 aethylico
730 2087 816 2152 acidi
839 2087 991 2152 sulfurici
1011 2089 1083 2173 pari
1110 2088 1270 2152 volumini
1283 2085 1465 2170 prudenter

335 2195 601 2279 superimposito,
626 2199 769 2258 stratum
791 2195 921 2259 confine
945 2195 1089 2258 colorem
1113 2215 1155 2257 ne
1178 2193 1302 2258 trahat.

674 2531 867 2626 tectas
906 2531 1129 2626 tatiana.

788 2709 1015 2795 smenon.

379 2869 549 2955 Crystalia
583 2869 732 2945 foliaeea,
770 2870 891 2935 coloris
926 2871 1085 2955 expertia,
1114 2870 1257 2934 nitentia
1280 2869 1334 2933 vel
1356 2868 1465 2953 pulvis

335 2976 439 3052 albus,
482 2997 656 3061 granosus.
702 2979 823 3040 Aeetas
867 2977 996 3042 kalicus
1039 2978 1300 3062 hygroscopicus
1331 2983 1399 3052 est;
1430 2975 1465 3038 in

336 3103 440 3167 aquae
464 3083 614 3166 partibus
638 3085 702 3160 0,3,
726 3083 761 3146 in
784 3083 923 3168 spiritus
947 3089 1041 3168 parte
1068 3086 1141 3160 1‚25
1166 3084 1316 3148 solvitur.

381 3191 531 3253 Acetatis
553 3189 653 3253 kaliei
676 3210 825 3273 gramma
851 3194 868 3252 1
892 3189 927 3252 in
950 3211 1055 3274 aquae
1069 3189 1275 3254 centimetris
1287 3188 1410 3253 cubicis
1424 3190 1466 3252 20

336 3296 493 3372 solutum,
518 3295 633 3361 addito
656 3295 742 3360 acidi
762 3297 910 3360 tartarici
930 3301 1115 3380 grammate
1140 3301 1157 3359 1
1181 3297 1217 3360 in
1239 3317 1344 3382 aquae
1363 3295 1465 3360 centi-

336 3403 451 3466 metris
472 3401 597 3466 cubicis
621 3406 640 3466 5
664 3403 784 3479 soluto,
810 3402 1065 3486 praecipitatum
1088 3403 1210 3480 album,
1235 3401 1466 3488 crystallinum

335 3509 490 3593 deponit;
526 3509 647 3574 Aeetas
682 3508 813 3574 kalicus
847 3509 883 3572 in
917 3530 1003 3594 aqua
1026 3512 1166 3593 (1:10)
1188 3510 1327 3586 solutus,
1351 3507 1466 3572 addito

336 3615 487 3681 chloreto
509 3615 639 3691 ferrico,
664 3616 807 3680 colorem
832 3614 970 3680 obscure
993 3615 1130 3680 rubrum
1154 3617 1267 3680 trahit.

382 3723 531 3786 Aestatis
557 3721 656 3786 kalici
678 3743 828 3807 gramma
853 3727 870 3785 1
895 3722 930 3786 in
953 3722 1275 3808 aquaecentimetris
1288 3721 1411 3786 cubicis
1425 3722 1466 3784 10

337 3827 482 3890 solutum
505 3827 639 3903 clarum,
672 3828 793 3892 coloris
815 3849 943 3912 expers,
968 3828 1119 3891 neutrius
1141 3829 1319 3894 reectionis
1342 3828 1387 3892 sit
1409 3833 1467 3890 aut

338 3939 407 3998 tarn
437 3934 556 3998 leviter
588 3935 757 4010 alcalinae,
787 3939 833 4010 ut,
865 3933 979 4000 addita
1001 3935 1087 3998 acidi
1110 3935 1341 3999 deciuorrnalis
1364 3934 1467 3998 centi-

338 4039 435 4102 metri
458 4040 564 4104 cubici
590 4045 684 4124 parte
706 4040 834 4105 decima
846 4043 936 4122 (0,l),
960 4040 1466 4125 nonampliusalcalincreugat.

382 4145 423 4208 In
450 4167 535 4230 aqua
558 4147 700 4228 (1:20)
723 4147 852 4212 solutus
876 4169 917 4210 ne
941 4147 1055 4210 addito
1078 4147 1174 4210 acido
1198 4145 1467 4232 hydrosuliurico
