<?xml version="1.0" encoding="UTF-8"?>
<!DOCTYPE html PUBLIC "-//W3C//DTD XHTML 1.0 Transitional//EN"
    "http://www.w3.org/TR/xhtml1/DTD/xhtml1-transitional.dtd">
<html xmlns="http://www.w3.org/1999/xhtml" xml:lang="en" lang="en">
 <head>
  <title>
</title>
<meta http-equiv="Content-Type" content="text/html;charset=utf-8" />
  <meta name='ocr-system' content='tesseract 3.04.00' />
  <meta name='ocr-capabilities' content='ocr_page ocr_carea ocr_par ocr_line ocrx_word'/>
</head>
<body>
  <div class='ocr_page' id='page_1' title='image "./pharmocopoeaned00zakegoog_0210.png"; bbox 0 0 3584 5026; ppageno 0'>
   <div class='ocr_carea' id='block_1_1' title="bbox 818 492 881 560">
    <p class='ocr_par' dir='ltr' id='par_1_1' title="bbox 818 492 881 560">
     <span class='ocr_line' id='line_1_1' title="bbox 818 492 881 560; baseline 0.016 -2"><span class='ocrx_word' id='word_1_1' title='bbox 818 492 881 560; x_wconf 81' lang='grc'><strong>179</strong></span> 
     </span>
    </p>
   </div>
   <div class='ocr_carea' id='block_1_2' title="bbox 279 687 1414 1630">
    <p class='ocr_par' dir='ltr' id='par_1_2' title="bbox 279 687 1414 1630">
     <span class='ocr_line' id='line_1_2' title="bbox 282 687 1413 776; baseline 0 -23"><span class='ocrx_word' id='word_1_2' title='bbox 282 689 521 776; x_wconf 71' lang='lat' dir='ltr'><strong>longitudinem</strong></span> <span class='ocrx_word' id='word_1_3' title='bbox 556 690 703 754; x_wconf 90' lang='lat' dir='ltr'><strong>tenuiter</strong></span> <span class='ocrx_word' id='word_1_4' title='bbox 725 688 844 754; x_wconf 90' lang='lat' dir='ltr'><strong>striata</strong></span> <span class='ocrx_word' id='word_1_5' title='bbox 867 687 979 752; x_wconf 87' lang='lat' dir='ltr'><strong>nervis</strong></span> <span class='ocrx_word' id='word_1_6' title='bbox 1003 687 1278 773; x_wconf 68' lang='lat' dir='ltr'><strong>prominentibus,</strong></span> <span class='ocrx_word' id='word_1_7' title='bbox 1304 689 1413 754; x_wconf 87' lang='lat' dir='ltr'><strong>coloro</strong></span> 
     </span>
     <span class='ocr_line' id='line_1_3' title="bbox 283 794 1412 880; baseline -0.002 -20"><span class='ocrx_word' id='word_1_8' title='bbox 283 797 470 863; x_wconf 89' lang='lat' dir='ltr'><strong>stramineo.</strong></span> <span class='ocrx_word' id='word_1_9' title='bbox 486 796 529 860; x_wconf 89' lang='lat' dir='ltr'><strong>In</strong></span> <span class='ocrx_word' id='word_1_10' title='bbox 547 796 665 860; x_wconf 91' lang='lat' dir='ltr'><strong>loculis</strong></span> <span class='ocrx_word' id='word_1_11' title='bbox 686 794 827 880; x_wconf 84' lang='lat' dir='ltr'><strong>singulis</strong></span> <span class='ocrx_word' id='word_1_12' title='bbox 847 795 949 880; x_wconf 93' lang='lat' dir='ltr'><strong>quina</strong></span> <span class='ocrx_word' id='word_1_13' title='bbox 963 796 1015 878; x_wconf 89' lang='lat'><strong>(5)</strong></span> <span class='ocrx_word' id='word_1_14' title='bbox 1025 794 1068 859; x_wconf 91' lang='lat' dir='ltr'><strong>ad</strong></span> <span class='ocrx_word' id='word_1_15' title='bbox 1080 800 1202 859; x_wconf 92' lang='lat' dir='ltr'><strong>octona</strong></span> <span class='ocrx_word' id='word_1_16' title='bbox 1212 796 1263 878; x_wconf 92' lang='lat'><strong>(8)</strong></span> <span class='ocrx_word' id='word_1_17' title='bbox 1276 794 1412 872; x_wconf 90' lang='lat' dir='ltr'><strong>semina,</strong></span> 
     </span>
     <span class='ocr_line' id='line_1_4' title="bbox 282 900 1414 987; baseline -0.001 -20"><span class='ocrx_word' id='word_1_18' title='bbox 282 901 314 966; x_wconf 91' lang='lat' dir='ltr'><strong>in</strong></span> <span class='ocrx_word' id='word_1_19' title='bbox 335 902 510 967; x_wconf 81' lang='lat' dir='ltr'>ordinibus</span> <span class='ocrx_word' id='word_1_20' title='bbox 533 901 621 967; x_wconf 90' lang='lat' dir='ltr'><strong>binis</strong></span> <span class='ocrx_word' id='word_1_21' title='bbox 640 903 692 986; x_wconf 79' lang='lat'><strong>(2)</strong></span> <span class='ocrx_word' id='word_1_22' title='bbox 708 901 745 964; x_wconf 93' lang='lat' dir='ltr'><strong>in</strong></span> <span class='ocrx_word' id='word_1_23' title='bbox 760 900 1005 986; x_wconf 69' lang='lat' dir='ltr'><strong>longitudinem</strong></span> <span class='ocrx_word' id='word_1_24' title='bbox 1017 901 1128 987; x_wconf 90' lang='lat' dir='ltr'><strong>posita</strong></span> <span class='ocrx_word' id='word_1_25' title='bbox 1138 906 1173 966; x_wconf 91' lang='lat' dir='ltr'><strong>et</strong></span> <span class='ocrx_word' id='word_1_26' title='bbox 1183 901 1219 966; x_wconf 93' lang='lat' dir='ltr'><strong>in</strong></span> <span class='ocrx_word' id='word_1_27' title='bbox 1231 901 1414 966; x_wconf 88' lang='lat' dir='ltr'><strong>massulam</strong></span> 
     </span>
     <span class='ocr_line' id='line_1_5' title="bbox 281 1007 1413 1094; baseline -0.001 -20"><span class='ocrx_word' id='word_1_28' title='bbox 281 1010 499 1074; x_wconf 88' lang='lat' dir='ltr'><strong>cohaerentia.</strong></span> <span class='ocrx_word' id='word_1_29' title='bbox 532 1007 667 1073; x_wconf 82' lang='lat' dir='ltr'><strong>Semina</strong></span> <span class='ocrx_word' id='word_1_30' title='bbox 689 1007 881 1072; x_wconf 90' lang='lat' dir='ltr'><strong>millimetra</strong></span> <span class='ocrx_word' id='word_1_31' title='bbox 903 1007 946 1072; x_wconf 91' lang='lat' dir='ltr'><strong>ad</strong></span> <span class='ocrx_word' id='word_1_32' title='bbox 970 1009 991 1072; x_wconf 88' lang='grc'>4</span> <span class='ocrx_word' id='word_1_33' title='bbox 1013 1009 1123 1094; x_wconf 85' lang='lat' dir='ltr'><strong>longa,</strong></span> <span class='ocrx_word' id='word_1_34' title='bbox 1148 1009 1191 1073; x_wconf 90' lang='lat' dir='ltr'><strong>ad</strong></span> <span class='ocrx_word' id='word_1_35' title='bbox 1216 1011 1268 1087; x_wconf 82' lang='lat'><strong>2,5</strong></span> <span class='ocrx_word' id='word_1_36' title='bbox 1291 1030 1413 1087; x_wconf 90' lang='lat' dir='ltr'><strong>crassa,</strong></span> 
     </span>
     <span class='ocr_line' id='line_1_6' title="bbox 282 1114 1414 1201; baseline 0.001 -22"><span class='ocrx_word' id='word_1_37' title='bbox 282 1115 466 1194; x_wconf 90' lang='lat' dir='ltr'><strong>durissima,</strong></span> <span class='ocrx_word' id='word_1_38' title='bbox 504 1116 684 1181; x_wconf 90' lang='lat' dir='ltr'><strong>enormiter</strong></span> <span class='ocrx_word' id='word_1_39' title='bbox 713 1114 885 1200; x_wconf 90' lang='lat' dir='ltr'><strong>polyedra,</strong></span> <span class='ocrx_word' id='word_1_40' title='bbox 919 1137 1017 1201; x_wconf 91' lang='lat' dir='ltr'><strong>saepe</strong></span> <span class='ocrx_word' id='word_1_41' title='bbox 1049 1115 1192 1180; x_wconf 76' lang='lat' dir='ltr'><strong>formam</strong></span> <span class='ocrx_word' id='word_1_42' title='bbox 1222 1116 1414 1181; x_wconf 78' lang='lat' dir='ltr'><strong>exhibentia</strong></span> 
     </span>
     <span class='ocr_line' id='line_1_7' title="bbox 282 1221 1412 1308; baseline -0.002 -20"><span class='ocrx_word' id='word_1_43' title='bbox 282 1222 463 1308; x_wconf 76' lang='lat' dir='ltr'><strong>pyramidis</strong></span> <span class='ocrx_word' id='word_1_44' title='bbox 497 1222 594 1287; x_wconf 87' lang='lat' dir='ltr'><strong>valde</strong></span> <span class='ocrx_word' id='word_1_45' title='bbox 629 1221 761 1299; x_wconf 91' lang='lat' dir='ltr'><strong>arduae,</strong></span> <span class='ocrx_word' id='word_1_46' title='bbox 795 1222 987 1306; x_wconf 74' lang='lat' dir='ltr'><strong>triquetrae,</strong></span> <span class='ocrx_word' id='word_1_47' title='bbox 1020 1244 1163 1307; x_wconf 86' lang='lat' dir='ltr'><strong>superno</strong></span> <span class='ocrx_word' id='word_1_48' title='bbox 1185 1221 1412 1300; x_wconf 75' lang='lat' dir='ltr'><strong>detruncatae,</strong></span> 
     </span>
     <span class='ocr_line' id='line_1_8' title="bbox 281 1329 1413 1415; baseline 0.001 -21"><span class='ocrx_word' id='word_1_49' title='bbox 281 1330 371 1395; x_wconf 92' lang='lat' dir='ltr'><strong>cuius</strong></span> <span class='ocrx_word' id='word_1_50' title='bbox 396 1329 486 1395; x_wconf 86' lang='lat' dir='ltr'><strong>basis</strong></span> <span class='ocrx_word' id='word_1_51' title='bbox 510 1336 563 1395; x_wconf 88' lang='lat' dir='ltr'><strong>est</strong></span> <span class='ocrx_word' id='word_1_52' title='bbox 585 1329 790 1415; x_wconf 82' lang='lat' dir='ltr'><strong>triangulum</strong></span> <span class='ocrx_word' id='word_1_53' title='bbox 814 1329 1066 1414; x_wconf 88' lang='lat' dir='ltr'><strong>aequilaterale;</strong></span> <span class='ocrx_word' id='word_1_54' title='bbox 1089 1330 1125 1393; x_wconf 94' lang='lat' dir='ltr'><strong>in</strong></span> <span class='ocrx_word' id='word_1_55' title='bbox 1149 1330 1241 1415; x_wconf 91' lang='lat' dir='ltr'><strong>apice</strong></span> <span class='ocrx_word' id='word_1_56' title='bbox 1257 1350 1325 1393; x_wconf 92' lang='lat' dir='ltr'><strong>non</strong></span> <span class='ocrx_word' id='word_1_57' title='bbox 1336 1351 1413 1395; x_wconf 86' lang='lat' dir='ltr'><strong>raro</strong></span> 
     </span>
     <span class='ocr_line' id='line_1_9' title="bbox 279 1434 1411 1522; baseline 0 -21"><span class='ocrx_word' id='word_1_58' title='bbox 279 1437 436 1522; x_wconf 87' lang='lat' dir='ltr'><strong>reliquiae</strong></span> <span class='ocrx_word' id='word_1_59' title='bbox 458 1437 726 1502; x_wconf 89' lang='lat' dir='ltr'><strong>membranaceae</strong></span> <span class='ocrx_word' id='word_1_60' title='bbox 738 1434 895 1514; x_wconf 85' lang='lat' dir='ltr'><strong>funiculi;</strong></span> <span class='ocrx_word' id='word_1_61' title='bbox 923 1437 1033 1502; x_wconf 91' lang='lat' dir='ltr'><strong>cincta</strong></span> <span class='ocrx_word' id='word_1_62' title='bbox 1044 1437 1139 1500; x_wconf 88' lang='lat' dir='ltr'><strong>arillo</strong></span> <span class='ocrx_word' id='word_1_63' title='bbox 1151 1435 1411 1514; x_wconf 87' lang='lat' dir='ltr'><strong>membranaceo,</strong></span> 
     </span>
     <span class='ocr_line' id='line_1_10' title="bbox 279 1541 1413 1630; baseline -0.001 -22"><span class='ocrx_word' id='word_1_64' title='bbox 279 1544 334 1628; x_wconf 92' lang='lat' dir='ltr'><strong>qui</strong></span> <span class='ocrx_word' id='word_1_65' title='bbox 356 1565 590 1630; x_wconf 90' lang='lat' dir='ltr'><strong>nonnusquam</strong></span> <span class='ocrx_word' id='word_1_66' title='bbox 613 1543 860 1628; x_wconf 81' lang='lat' dir='ltr'><strong>desquamatur,</strong></span> <span class='ocrx_word' id='word_1_67' title='bbox 873 1543 915 1606; x_wconf 90' lang='lat' dir='ltr'><strong>de</strong></span> <span class='ocrx_word' id='word_1_68' title='bbox 931 1542 1113 1608; x_wconf 89' lang='lat' dir='ltr'><strong>seminibus</strong></span> <span class='ocrx_word' id='word_1_69' title='bbox 1129 1543 1303 1609; x_wconf 90' lang='lat' dir='ltr'><strong>maceratis</strong></span> <span class='ocrx_word' id='word_1_70' title='bbox 1316 1541 1413 1607; x_wconf 83' lang='lat' dir='ltr'><strong>facile</strong></span> 
     </span>
    </p>
   </div>
   <div class='ocr_carea' id='block_1_3' title="bbox 279 1649 1553 1735">
    <p class='ocr_par' dir='ltr' id='par_1_3' title="bbox 279 1649 1553 1735">
     <span class='ocr_line' id='line_1_11' title="bbox 279 1649 1553 1735; baseline -0.001 -21"><span class='ocrx_word' id='word_1_71' title='bbox 279 1650 475 1716; x_wconf 91' lang='lat' dir='ltr'><strong>detrahitur.</strong></span> <span class='ocrx_word' id='word_1_72' title='bbox 502 1651 601 1716; x_wconf 89' lang='lat' dir='ltr'><strong>Hilus</strong></span> <span class='ocrx_word' id='word_1_73' title='bbox 625 1651 659 1714; x_wconf 93' lang='lat' dir='ltr'><strong>in</strong></span> <span class='ocrx_word' id='word_1_74' title='bbox 684 1651 789 1715; x_wconf 88' lang='lat' dir='ltr'><strong>latere</strong></span> <span class='ocrx_word' id='word_1_75' title='bbox 812 1651 975 1728; x_wconf 83' lang='lat' dir='ltr'><strong>maxim03</strong></span> <span class='ocrx_word' id='word_1_76' title='bbox 1000 1650 1183 1735; x_wconf 91' lang='lat' dir='ltr'><strong>micropyle</strong></span> <span class='ocrx_word' id='word_1_77' title='bbox 1199 1651 1295 1714; x_wconf 84' lang='lat' dir='ltr'><strong>iuxta</strong></span> <span class='ocrx_word' id='word_1_78' title='bbox 1306 1649 1412 1714; x_wconf 90' lang='lat' dir='ltr'><strong>hilum</strong></span> <span class='ocrx_word' id='word_1_79' title='bbox 1550 1677 1553 1682; x_wconf 93' lang='lat'>·</span> 
     </span>
    </p>
   </div>
   <div class='ocr_carea' id='block_1_4' title="bbox 276 1755 1412 4297">
    <p class='ocr_par' dir='ltr' id='par_1_4' title="bbox 279 1755 1412 2377">
     <span class='ocr_line' id='line_1_12' title="bbox 279 1755 1408 1843; baseline -0.001 -22"><span class='ocrx_word' id='word_1_80' title='bbox 279 1757 313 1821; x_wconf 93' lang='lat' dir='ltr'><strong>in</strong></span> <span class='ocrx_word' id='word_1_81' title='bbox 342 1759 445 1843; x_wconf 90' lang='lat' dir='ltr'><strong>apice,</strong></span> <span class='ocrx_word' id='word_1_82' title='bbox 478 1758 514 1821; x_wconf 93' lang='lat' dir='ltr'><strong>in</strong></span> <span class='ocrx_word' id='word_1_83' title='bbox 545 1757 655 1822; x_wconf 87' lang='lat' dir='ltr'><strong>media</strong></span> <span class='ocrx_word' id='word_1_84' title='bbox 678 1758 802 1843; x_wconf 89' lang='lat' dir='ltr'><strong>papilla</strong></span> <span class='ocrx_word' id='word_1_85' title='bbox 825 1757 1052 1842; x_wconf 87' lang='lat' dir='ltr'><strong>embryotega,</strong></span> <span class='ocrx_word' id='word_1_86' title='bbox 1078 1778 1191 1842; x_wconf 85' lang='lat' dir='ltr'><strong>parva,</strong></span> <span class='ocrx_word' id='word_1_87' title='bbox 1221 1755 1408 1834; x_wconf 88' lang='lat' dir='ltr'><strong>orbiculari,</strong></span> 
     </span>
     <span class='ocr_line' id='line_1_13' title="bbox 279 1864 1412 1950; baseline -0.002 -21"><span class='ocrx_word' id='word_1_88' title='bbox 279 1864 397 1930; x_wconf 92' lang='lat' dir='ltr'><strong>coloris</strong></span> <span class='ocrx_word' id='word_1_89' title='bbox 420 1865 519 1944; x_wconf 73' lang='lat' dir='ltr'><strong>clari,</strong></span> <span class='ocrx_word' id='word_1_90' title='bbox 544 1865 679 1930; x_wconf 85' lang='lat' dir='ltr'><strong>chalaza</strong></span> <span class='ocrx_word' id='word_1_91' title='bbox 691 1866 854 1950; x_wconf 89' lang='lat' dir='ltr'><strong>impressa</strong></span> <span class='ocrx_word' id='word_1_92' title='bbox 870 1865 906 1928; x_wconf 93' lang='lat' dir='ltr'><strong>in</strong></span> <span class='ocrx_word' id='word_1_93' title='bbox 917 1865 986 1930; x_wconf 93' lang='lat' dir='ltr'><strong>imo</strong></span> <span class='ocrx_word' id='word_1_94' title='bbox 997 1866 1102 1930; x_wconf 86' lang='lat' dir='ltr'><strong>latere</strong></span> <span class='ocrx_word' id='word_1_95' title='bbox 1114 1865 1230 1929; x_wconf 89' lang='lat' dir='ltr'><strong>eodem</strong></span> <span class='ocrx_word' id='word_1_96' title='bbox 1241 1884 1248 1943; x_wconf 90' lang='lat'>;</span> <span class='ocrx_word' id='word_1_97' title='bbox 1261 1865 1364 1949; x_wconf 92' lang='lat' dir='ltr'><strong>raphe</strong></span> <span class='ocrx_word' id='word_1_98' title='bbox 1376 1864 1412 1927; x_wconf 93' lang='lat' dir='ltr'><strong>in</strong></span> 
     </span>
     <span class='ocr_line' id='line_1_14' title="bbox 280 1971 1411 2058; baseline 0.001 -22"><span class='ocrx_word' id='word_1_99' title='bbox 280 1973 369 2038; x_wconf 90' lang='lat' dir='ltr'><strong>sulco</strong></span> <span class='ocrx_word' id='word_1_100' title='bbox 392 1976 503 2050; x_wconf 92' lang='lat' dir='ltr'><strong>acuto,</strong></span> <span class='ocrx_word' id='word_1_101' title='bbox 527 1972 633 2037; x_wconf 93' lang='lat' dir='ltr'><strong>hilum</strong></span> <span class='ocrx_word' id='word_1_102' title='bbox 656 1975 689 2036; x_wconf 90' lang='lat' dir='ltr'><strong>et</strong></span> <span class='ocrx_word' id='word_1_103' title='bbox 712 1972 880 2037; x_wconf 79' lang='lat' dir='ltr'><strong>chalanem</strong></span> <span class='ocrx_word' id='word_1_104' title='bbox 904 1973 1138 2058; x_wconf 87' lang='lat' dir='ltr'><strong>coniungente.</strong></span> <span class='ocrx_word' id='word_1_105' title='bbox 1163 1971 1367 2057; x_wconf 83' lang='lat' dir='ltr'><strong>Superlicies</strong></span> <span class='ocrx_word' id='word_1_106' title='bbox 1391 1974 1411 2037; x_wconf 89' lang='grc'>6</span> 
     </span>
     <span class='ocr_line' id='line_1_15' title="bbox 279 2077 1410 2164; baseline -0.001 -21"><span class='ocrx_word' id='word_1_107' title='bbox 279 2079 370 2164; x_wconf 81' lang='lat' dir='ltr'><strong>rugis</strong></span> <span class='ocrx_word' id='word_1_108' title='bbox 401 2079 534 2156; x_wconf 87' lang='lat' dir='ltr'><strong>crassis,</strong></span> <span class='ocrx_word' id='word_1_109' title='bbox 570 2079 781 2156; x_wconf 88' lang='lat' dir='ltr'><strong>transversis,</strong></span> <span class='ocrx_word' id='word_1_110' title='bbox 818 2077 914 2144; x_wconf 80' lang='lat' dir='ltr'><strong>fusca</strong></span> <span class='ocrx_word' id='word_1_111' title='bbox 936 2079 990 2143; x_wconf 88' lang='lat' dir='ltr'><strong>vel</strong></span> <span class='ocrx_word' id='word_1_112' title='bbox 1012 2077 1221 2144; x_wconf 84' lang='lat' dir='ltr'><strong>rubroiusca.</strong></span> <span class='ocrx_word' id='word_1_113' title='bbox 1263 2077 1410 2142; x_wconf 90' lang='lat' dir='ltr'><strong>Nucleus</strong></span> 
     </span>
     <span class='ocr_line' id='line_1_16' title="bbox 279 2184 1408 2272; baseline -0.003 -22"><span class='ocrx_word' id='word_1_114' title='bbox 279 2186 494 2272; x_wconf 80' lang='lat' dir='ltr'><strong>perispermio</strong></span> <span class='ocrx_word' id='word_1_115' title='bbox 536 2205 676 2271; x_wconf 80' lang='lat' dir='ltr'><strong>magn03</strong></span> <span class='ocrx_word' id='word_1_116' title='bbox 717 2186 809 2250; x_wconf 89' lang='lat' dir='ltr'><strong>intra</strong></span> <span class='ocrx_word' id='word_1_117' title='bbox 839 2184 1106 2270; x_wconf 88' lang='lat' dir='ltr'><strong>endospermium</strong></span> <span class='ocrx_word' id='word_1_118' title='bbox 1141 2185 1247 2249; x_wconf 91' lang='lat' dir='ltr'><strong>multo</strong></span> <span class='ocrx_word' id='word_1_119' title='bbox 1288 2184 1408 2248; x_wconf 90' lang='lat' dir='ltr'><strong>minus.</strong></span> 
     </span>
     <span class='ocr_line' id='line_1_17' title="bbox 281 2290 1408 2377; baseline 0.001 -22"><span class='ocrx_word' id='word_1_120' title='bbox 281 2291 426 2377; x_wconf 85' lang='lat' dir='ltr'><strong>Embryo</strong></span> <span class='ocrx_word' id='word_1_121' title='bbox 446 2312 581 2376; x_wconf 89' lang='lat' dir='ltr'><strong>parvus,</strong></span> <span class='ocrx_word' id='word_1_122' title='bbox 601 2291 749 2357; x_wconf 88' lang='lat' dir='ltr'><strong>radicula</strong></span> <span class='ocrx_word' id='word_1_123' title='bbox 763 2290 956 2376; x_wconf 88' lang='lat' dir='ltr'><strong>cylindrica,</strong></span> <span class='ocrx_word' id='word_1_124' title='bbox 973 2291 1172 2376; x_wconf 83' lang='lat' dir='ltr'><strong>cotyledone</strong></span> <span class='ocrx_word' id='word_1_125' title='bbox 1184 2290 1408 2377; x_wconf 92' lang='lat' dir='ltr'><strong>planoconica.</strong></span> 
     </span>
    </p>

    <p class='ocr_par' dir='ltr' id='par_1_5' title="bbox 279 2398 1409 2572">
     <span class='ocr_line' id='line_1_18' title="bbox 322 2398 1409 2484; baseline 0.001 -22"><span class='ocrx_word' id='word_1_126' title='bbox 322 2398 375 2462; x_wconf 86' lang='lat' dir='ltr'><strong>Ad</strong></span> <span class='ocrx_word' id='word_1_127' title='bbox 404 2419 502 2464; x_wconf 92' lang='lat' dir='ltr'><strong>usum</strong></span> <span class='ocrx_word' id='word_1_128' title='bbox 547 2399 685 2477; x_wconf 89' lang='lat' dir='ltr'><strong>semina,</strong></span> <span class='ocrx_word' id='word_1_129' title='bbox 721 2420 806 2484; x_wconf 91' lang='lat' dir='ltr'><strong>quae</strong></span> <span class='ocrx_word' id='word_1_130' title='bbox 842 2399 913 2463; x_wconf 88' lang='lat' dir='ltr'><strong>sola</strong></span> <span class='ocrx_word' id='word_1_131' title='bbox 946 2398 1179 2478; x_wconf 88' lang='lat' dir='ltr'><strong>adhibeantur,</strong></span> <span class='ocrx_word' id='word_1_132' title='bbox 1215 2398 1409 2484; x_wconf 87' lang='lat' dir='ltr'><strong>pericarpiis</strong></span> 
     </span>
     <span class='ocr_line' id='line_1_19' title="bbox 279 2503 469 2572; baseline 0.021 -4"><span class='ocrx_word' id='word_1_133' title='bbox 279 2503 469 2572; x_wconf 86' lang='lat' dir='ltr'><strong>liberentur.</strong></span> 
     </span>
    </p>

    <p class='ocr_par' dir='ltr' id='par_1_6' title="bbox 276 2611 1409 3872">
     <span class='ocr_line' id='line_1_20' title="bbox 311 2611 1409 2698; baseline 0.001 -23"><span class='ocrx_word' id='word_1_134' title='bbox 311 2611 530 2696; x_wconf 87' lang='lat' dir='ltr'><strong>Microscopia</strong></span> <span class='ocrx_word' id='word_1_135' title='bbox 538 2611 695 2696; x_wconf 88' lang='lat' dir='ltr'><strong>pulveris.</strong></span> <span class='ocrx_word' id='word_1_136' title='bbox 708 2611 896 2676; x_wconf 84' lang='lat' dir='ltr'><strong>Granorum</strong></span> <span class='ocrx_word' id='word_1_137' title='bbox 908 2613 1010 2697; x_wconf 89' lang='lat' dir='ltr'><strong>amyli</strong></span> <span class='ocrx_word' id='word_1_138' title='bbox 1023 2613 1139 2698; x_wconf 88' lang='lat' dir='ltr'><strong>glebae</strong></span> <span class='ocrx_word' id='word_1_139' title='bbox 1147 2612 1319 2696; x_wconf 87' lang='lat' dir='ltr'><strong>oblongae,</strong></span> <span class='ocrx_word' id='word_1_140' title='bbox 1329 2633 1409 2698; x_wconf 94' lang='lat' dir='ltr'><strong>quo-</strong></span> 
     </span>
     <span class='ocr_line' id='line_1_21' title="bbox 279 2717 1408 2804; baseline 0.003 -24"><span class='ocrx_word' id='word_1_141' title='bbox 279 2717 455 2784; x_wconf 92' lang='lat' dir='ltr'><strong>dammodo</strong></span> <span class='ocrx_word' id='word_1_142' title='bbox 475 2717 671 2804; x_wconf 88' lang='lat' dir='ltr'><strong>polyedrae:</strong></span> <span class='ocrx_word' id='word_1_143' title='bbox 692 2740 803 2784; x_wconf 90' lang='lat' dir='ltr'><strong>massa</strong></span> <span class='ocrx_word' id='word_1_144' title='bbox 814 2719 951 2784; x_wconf 89' lang='lat' dir='ltr'><strong>cellulae</strong></span> <span class='ocrx_word' id='word_1_145' title='bbox 961 2719 1090 2785; x_wconf 92' lang='lat' dir='ltr'><strong>inclusa</strong></span> <span class='ocrx_word' id='word_1_146' title='bbox 1103 2719 1212 2784; x_wconf 91' lang='lat' dir='ltr'><strong>adhuc</strong></span> <span class='ocrx_word' id='word_1_147' title='bbox 1227 2719 1408 2784; x_wconf 82' lang='lat' dir='ltr'><strong>cohaerens</strong></span> 
     </span>
     <span class='ocr_line' id='line_1_22' title="bbox 279 2825 1406 2912; baseline 0.001 -23"><span class='ocrx_word' id='word_1_148' title='bbox 279 2825 470 2890; x_wconf 91' lang='lat' dir='ltr'><strong>cellularum</strong></span> <span class='ocrx_word' id='word_1_149' title='bbox 482 2826 849 2911; x_wconf 85' lang='lat' dir='ltr'><strong>perenchymaticarum</strong></span> <span class='ocrx_word' id='word_1_150' title='bbox 860 2826 1088 2912; x_wconf 85' lang='lat' dir='ltr'><strong>perispermii;</strong></span> <span class='ocrx_word' id='word_1_151' title='bbox 1102 2848 1208 2912; x_wconf 81' lang='lat' dir='ltr'><strong>grana</strong></span> <span class='ocrx_word' id='word_1_152' title='bbox 1220 2826 1323 2911; x_wconf 87' lang='lat' dir='ltr'><strong>amyli</strong></span> <span class='ocrx_word' id='word_1_153' title='bbox 1336 2826 1406 2890; x_wconf 93' lang='lat' dir='ltr'><strong>dia-</strong></span> 
     </span>
     <span class='ocr_line' id='line_1_23' title="bbox 279 2931 1409 3020; baseline 0.002 -23"><span class='ocrx_word' id='word_1_154' title='bbox 279 2936 384 2997; x_wconf 91' lang='lat' dir='ltr'><strong>metro</strong></span> <span class='ocrx_word' id='word_1_155' title='bbox 407 2954 476 2997; x_wconf 91' lang='lat' dir='ltr'><strong>non</strong></span> <span class='ocrx_word' id='word_1_156' title='bbox 500 2933 697 3019; x_wconf 90' lang='lat' dir='ltr'><strong>plusquam</strong></span> <span class='ocrx_word' id='word_1_157' title='bbox 721 2935 742 2996; x_wconf 78' lang='lat'><em>4</em></span> <span class='ocrx_word' id='word_1_158' title='bbox 754 2956 789 3010; x_wconf 81' lang='grc' dir='ltr'><strong>μ,</strong></span> <span class='ocrx_word' id='word_1_159' title='bbox 813 2931 885 2998; x_wconf 87' lang='lat' dir='ltr'><strong>fere</strong></span> <span class='ocrx_word' id='word_1_160' title='bbox 908 2933 1064 3020; x_wconf 82' lang='lat' dir='ltr'><strong>globosa3</strong></span> <span class='ocrx_word' id='word_1_161' title='bbox 1090 2955 1172 3020; x_wconf 88' lang='lat' dir='ltr'><strong>quas</strong></span> <span class='ocrx_word' id='word_1_162' title='bbox 1192 2934 1283 2998; x_wconf 90' lang='lat' dir='ltr'><strong>intra</strong></span> <span class='ocrx_word' id='word_1_163' title='bbox 1294 2933 1409 3018; x_wconf 83' lang='lat' dir='ltr'><strong>glebas</strong></span> 
     </span>
     <span class='ocr_line' id='line_1_24' title="bbox 282 3039 1406 3126; baseline 0.002 -25"><span class='ocrx_word' id='word_1_164' title='bbox 282 3039 387 3104; x_wconf 79' lang='lat' dir='ltr'><strong>2ad⁷</strong></span> <span class='ocrx_word' id='word_1_165' title='bbox 408 3039 568 3124; x_wconf 87' lang='lat' dir='ltr'><strong>crystalla</strong></span> <span class='ocrx_word' id='word_1_166' title='bbox 595 3061 709 3124; x_wconf 85' lang='lat' dir='ltr'><strong>parva,</strong></span> <span class='ocrx_word' id='word_1_167' title='bbox 729 3040 902 3124; x_wconf 90' lang='lat' dir='ltr'><strong>simplicia.</strong></span> <span class='ocrx_word' id='word_1_168' title='bbox 927 3040 1185 3126; x_wconf 87' lang='lat' dir='ltr'><strong>Sclerenchyma</strong></span> <span class='ocrx_word' id='word_1_169' title='bbox 1206 3041 1406 3118; x_wconf 90' lang='lat' dir='ltr'><strong>columnare,</strong></span> 
     </span>
     <span class='ocr_line' id='line_1_25' title="bbox 277 3146 1408 3230; baseline 0.003 -21"><span class='ocrx_word' id='word_1_170' title='bbox 277 3146 412 3210; x_wconf 87' lang='lat' dir='ltr'><strong>cellulae</strong></span> <span class='ocrx_word' id='word_1_171' title='bbox 446 3146 649 3230; x_wconf 89' lang='lat' dir='ltr'><strong>cylindricae</strong></span> <span class='ocrx_word' id='word_1_172' title='bbox 680 3147 882 3212; x_wconf 85' lang='lat' dir='ltr'><strong>membranis</strong></span> <span class='ocrx_word' id='word_1_173' title='bbox 917 3147 1134 3213; x_wconf 83' lang='lat' dir='ltr'><strong>interioribus</strong></span> <span class='ocrx_word' id='word_1_174' title='bbox 1169 3147 1266 3212; x_wconf 89' lang='lat' dir='ltr'><strong>valde</strong></span> <span class='ocrx_word' id='word_1_175' title='bbox 1301 3152 1408 3212; x_wconf 90' lang='lat' dir='ltr'><strong>tume-</strong></span> 
     </span>
     <span class='ocr_line' id='line_1_26' title="bbox 278 3250 1408 3338; baseline 0.001 -22"><span class='ocrx_word' id='word_1_176' title='bbox 278 3250 385 3330; x_wconf 75' lang='lat' dir='ltr'><strong>factis,</strong></span> <span class='ocrx_word' id='word_1_177' title='bbox 410 3252 459 3317; x_wconf 88' lang='lat' dir='ltr'><strong>ita</strong></span> <span class='ocrx_word' id='word_1_178' title='bbox 482 3256 520 3316; x_wconf 91' lang='lat' dir='ltr'><strong>ut</strong></span> <span class='ocrx_word' id='word_1_179' title='bbox 544 3252 579 3316; x_wconf 92' lang='lat' dir='ltr'><strong>in</strong></span> <span class='ocrx_word' id='word_1_180' title='bbox 603 3256 698 3338; x_wconf 89' lang='lat' dir='ltr'><strong>parte</strong></span> <span class='ocrx_word' id='word_1_181' title='bbox 712 3253 876 3318; x_wconf 87' lang='lat' dir='ltr'><strong>exteriore</strong></span> <span class='ocrx_word' id='word_1_182' title='bbox 888 3257 1020 3320; x_wconf 90' lang='lat' dir='ltr'><strong>tantum</strong></span> <span class='ocrx_word' id='word_1_183' title='bbox 1032 3255 1144 3318; x_wconf 92' lang='lat' dir='ltr'><strong>lumen</strong></span> <span class='ocrx_word' id='word_1_184' title='bbox 1156 3274 1297 3338; x_wconf 84' lang='lat' dir='ltr'><strong>parvum</strong></span> <span class='ocrx_word' id='word_1_185' title='bbox 1309 3253 1408 3318; x_wconf 88' lang='lat' dir='ltr'><strong>relin-</strong></span> 
     </span>
     <span class='ocr_line' id='line_1_27' title="bbox 277 3358 1407 3446; baseline 0.001 -24"><span class='ocrx_word' id='word_1_186' title='bbox 277 3363 416 3442; x_wconf 82' lang='lat' dir='ltr'><strong>quatur3</strong></span> <span class='ocrx_word' id='word_1_187' title='bbox 440 3380 525 3445; x_wconf 90' lang='lat' dir='ltr'><strong>quae</strong></span> <span class='ocrx_word' id='word_1_188' title='bbox 547 3359 685 3424; x_wconf 90' lang='lat' dir='ltr'><strong>cellulae</strong></span> <span class='ocrx_word' id='word_1_189' title='bbox 710 3359 902 3446; x_wconf 88' lang='lat' dir='ltr'><strong>plerumque</strong></span> <span class='ocrx_word' id='word_1_190' title='bbox 925 3382 1027 3446; x_wconf 91' lang='lat' dir='ltr'><strong>supra</strong></span> <span class='ocrx_word' id='word_1_191' title='bbox 1050 3361 1101 3425; x_wconf 85' lang='lat' dir='ltr'><strong>rel</strong></span> <span class='ocrx_word' id='word_1_192' title='bbox 1122 3360 1213 3425; x_wconf 84' lang='lat' dir='ltr'><strong>infra</strong></span> <span class='ocrx_word' id='word_1_193' title='bbox 1233 3358 1407 3439; x_wconf 90' lang='lat' dir='ltr'><strong>videntur;</strong></span> 
     </span>
     <span class='ocr_line' id='line_1_28' title="bbox 278 3465 1408 3552; baseline 0.002 -24"><span class='ocrx_word' id='word_1_194' title='bbox 278 3465 488 3530; x_wconf 89' lang='lat' dir='ltr'><strong>membranae</strong></span> <span class='ocrx_word' id='word_1_195' title='bbox 522 3466 726 3532; x_wconf 84' lang='lat' dir='ltr'><strong>flavofuscae</strong></span> <span class='ocrx_word' id='word_1_196' title='bbox 764 3467 807 3531; x_wconf 90' lang='lat' dir='ltr'><strong>ad</strong></span> <span class='ocrx_word' id='word_1_197' title='bbox 842 3467 981 3533; x_wconf 90' lang='lat' dir='ltr'><strong>obscure</strong></span> <span class='ocrx_word' id='word_1_198' title='bbox 1008 3467 1232 3533; x_wconf 83' lang='lat' dir='ltr'><strong>rubroiuscas.</strong></span> <span class='ocrx_word' id='word_1_199' title='bbox 1270 3466 1408 3552; x_wconf 86' lang='lat' dir='ltr'><strong>Epider-</strong></span> 
     </span>
     <span class='ocr_line' id='line_1_29' title="bbox 277 3571 1407 3659; baseline 0.002 -23"><span class='ocrx_word' id='word_1_200' title='bbox 277 3571 373 3637; x_wconf 91' lang='lat' dir='ltr'><strong>midis</strong></span> <span class='ocrx_word' id='word_1_201' title='bbox 396 3573 534 3638; x_wconf 83' lang='lat' dir='ltr'><strong>cellulae</strong></span> <span class='ocrx_word' id='word_1_202' title='bbox 556 3573 746 3659; x_wconf 89' lang='lat' dir='ltr'><strong>productae,</strong></span> <span class='ocrx_word' id='word_1_203' title='bbox 772 3574 1040 3641; x_wconf 81' lang='lat' dir='ltr'><strong>extremitatibus</strong></span> <span class='ocrx_word' id='word_1_204' title='bbox 1062 3574 1178 3652; x_wconf 87' lang='lat' dir='ltr'><strong>acutis,</strong></span> <span class='ocrx_word' id='word_1_205' title='bbox 1192 3573 1407 3640; x_wconf 87' lang='lat' dir='ltr'><strong>claretlavae.</strong></span> 
     </span>
     <span class='ocr_line' id='line_1_30' title="bbox 279 3677 1408 3767; baseline 0.002 -25"><span class='ocrx_word' id='word_1_206' title='bbox 279 3677 504 3766; x_wconf 90' lang='lat' dir='ltr'><strong>Parcnchyma</strong></span> <span class='ocrx_word' id='word_1_207' title='bbox 526 3702 723 3765; x_wconf 87' lang='lat' dir='ltr'><strong>repressum,</strong></span> <span class='ocrx_word' id='word_1_208' title='bbox 747 3682 977 3767; x_wconf 90' lang='lat' dir='ltr'><strong>leptotichum,</strong></span> <span class='ocrx_word' id='word_1_209' title='bbox 994 3702 1093 3766; x_wconf 88' lang='lat' dir='ltr'><strong>saepe</strong></span> <span class='ocrx_word' id='word_1_210' title='bbox 1109 3685 1297 3747; x_wconf 88' lang='lat' dir='ltr'><strong>structurae</strong></span> <span class='ocrx_word' id='word_1_211' title='bbox 1308 3680 1408 3746; x_wconf 89' lang='lat' dir='ltr'><strong>cellu-</strong></span> 
     </span>
     <span class='ocr_line' id='line_1_31' title="bbox 276 3784 1362 3872; baseline 0.004 -25"><span class='ocrx_word' id='word_1_212' title='bbox 276 3784 354 3850; x_wconf 90' lang='lat' dir='ltr'><strong>laris</strong></span> <span class='ocrx_word' id='word_1_213' title='bbox 376 3786 574 3871; x_wconf 84' lang='lat' dir='ltr'><strong>conspicuae</strong></span> <span class='ocrx_word' id='word_1_214' title='bbox 597 3809 727 3872; x_wconf 88' lang='lat' dir='ltr'><strong>expers.</strong></span> <span class='ocrx_word' id='word_1_215' title='bbox 773 3787 944 3853; x_wconf 87' lang='lat' dir='ltr'><strong>Nonnulla</strong></span> <span class='ocrx_word' id='word_1_216' title='bbox 968 3809 1049 3853; x_wconf 89' lang='lat' dir='ltr'><strong>vasa</strong></span> <span class='ocrx_word' id='word_1_217' title='bbox 1072 3787 1208 3872; x_wconf 91' lang='lat' dir='ltr'><strong>spiralia</strong></span> <span class='ocrx_word' id='word_1_218' title='bbox 1230 3788 1362 3872; x_wconf 88' lang='lat' dir='ltr'><strong>raphes.</strong></span> 
     </span>
    </p>

    <p class='ocr_par' dir='ltr' id='par_1_7' title="bbox 278 3893 1408 4297">
     <span class='ocr_line' id='line_1_32' title="bbox 320 3893 1407 3981; baseline 0.002 -24"><span class='ocrx_word' id='word_1_219' title='bbox 320 3893 500 3978; x_wconf 89' lang='lat' dir='ltr'><strong>Pericarpii</strong></span> <span class='ocrx_word' id='word_1_220' title='bbox 534 3899 647 3980; x_wconf 89' lang='lat' dir='ltr'><strong>partes</strong></span> <span class='ocrx_word' id='word_1_221' title='bbox 680 3895 716 3959; x_wconf 92' lang='lat' dir='ltr'><strong>in</strong></span> <span class='ocrx_word' id='word_1_222' title='bbox 739 3895 876 3981; x_wconf 86' lang='lat' dir='ltr'><strong>pulvere</strong></span> <span class='ocrx_word' id='word_1_223' title='bbox 899 3917 941 3958; x_wconf 90' lang='lat' dir='ltr'><strong>ne</strong></span> <span class='ocrx_word' id='word_1_224' title='bbox 964 3894 1094 3972; x_wconf 87' lang='lat' dir='ltr'><strong>adsint;</strong></span> <span class='ocrx_word' id='word_1_225' title='bbox 1125 3895 1288 3959; x_wconf 88' lang='lat' dir='ltr'><strong>elementa</strong></span> <span class='ocrx_word' id='word_1_226' title='bbox 1311 3899 1407 3959; x_wconf 92' lang='lat' dir='ltr'><strong>nota-</strong></span> 
     </span>
     <span class='ocr_line' id='line_1_33' title="bbox 278 3997 1405 4088; baseline 0.004 -26"><span class='ocrx_word' id='word_1_227' title='bbox 278 3997 440 4066; x_wconf 89' lang='lat' dir='ltr'><strong>bilissima</strong></span> <span class='ocrx_word' id='word_1_228' title='bbox 472 4009 569 4068; x_wconf 89' lang='lat' dir='ltr'><strong>sunt:</strong></span> <span class='ocrx_word' id='word_1_229' title='bbox 603 4002 706 4068; x_wconf 90' lang='lat' dir='ltr'><strong>fibrae</strong></span> <span class='ocrx_word' id='word_1_230' title='bbox 741 4003 970 4088; x_wconf 90' lang='lat' dir='ltr'><strong>pachytichae,</strong></span> <span class='ocrx_word' id='word_1_231' title='bbox 995 4002 1111 4088; x_wconf 86' lang='lat' dir='ltr'><strong>glebae</strong></span> <span class='ocrx_word' id='word_1_232' title='bbox 1133 4001 1265 4066; x_wconf 88' lang='lat' dir='ltr'><strong>resinae</strong></span> <span class='ocrx_word' id='word_1_233' title='bbox 1287 4000 1405 4078; x_wconf 88' lang='lat' dir='ltr'><strong>flavae,</strong></span> 
     </span>
     <span class='ocr_line' id='line_1_34' title="bbox 278 4107 1408 4196; baseline 0.001 -26"><span class='ocrx_word' id='word_1_234' title='bbox 278 4107 436 4191; x_wconf 85' lang='lat' dir='ltr'><strong>crystalla</strong></span> <span class='ocrx_word' id='word_1_235' title='bbox 471 4129 573 4192; x_wconf 88' lang='lat' dir='ltr'><strong>parva</strong></span> <span class='ocrx_word' id='word_1_236' title='bbox 606 4110 642 4174; x_wconf 93' lang='lat' dir='ltr'><strong>in</strong></span> <span class='ocrx_word' id='word_1_237' title='bbox 676 4110 803 4175; x_wconf 89' lang='lat' dir='ltr'><strong>cellulis</strong></span> <span class='ocrx_word' id='word_1_238' title='bbox 838 4109 1138 4196; x_wconf 87' lang='lat' dir='ltr'><strong>parenehymaticis</strong></span> <span class='ocrx_word' id='word_1_239' title='bbox 1161 4107 1301 4193; x_wconf 84' lang='lat' dir='ltr'><strong>magnis,</strong></span> <span class='ocrx_word' id='word_1_240' title='bbox 1325 4127 1408 4171; x_wconf 87' lang='lat' dir='ltr'><strong>vasa</strong></span> 
     </span>
     <span class='ocr_line' id='line_1_35' title="bbox 279 4214 549 4297; baseline 0.026 -21"><span class='ocrx_word' id='word_1_241' title='bbox 279 4214 411 4297; x_wconf 89' lang='lat' dir='ltr'><strong>spiralia</strong></span> <span class='ocrx_word' id='word_1_242' title='bbox 435 4217 549 4283; x_wconf 84' lang='lat' dir='ltr'><strong>multe.</strong></span> 
     </span>
    </p>
   </div>
   <div class='ocr_carea' id='block_1_5' title="bbox 0 0 1796 5026">
    <p class='ocr_par' dir='ltr' id='par_1_8' title="bbox 0 0 1796 5026">
     <span class='ocr_line' id='line_1_36' title="bbox 0 0 1796 5026; baseline 0 2"><span class='ocrx_word' id='word_1_243' title='bbox 0 0 1796 5026; x_wconf 95' lang='lat' dir='ltr'><strong> </strong></span> 
     </span>
    </p>
   </div>
  </div>
 </body>
</html>
