3466 5038
408 1320 820 1419 PRAEOEPTA
849 1321 1265 1423 GENERALIA.

308 1784 342 1842 1.
393 1777 489 1857 Quae
519 1778 760 1844 medicamenta
783 1779 900 1844 adesse
922 1781 959 1843 in
982 1802 1112 1865 quoque
1136 1781 1405 1866 pharmacopolio

259 1906 332 1949 non
358 1905 447 1969 opus
471 1890 532 1962 est,
557 1907 672 1950 eorum
694 1886 830 1950 nomina
853 1907 949 1951 cruce
972 1885 1045 1975 (†)
1068 1892 1185 1952 notata
1207 1893 1295 1954 aunt.

308 2101 342 2162 2.
395 2097 638 2162 Medicamenta
662 2103 731 2162 tam
754 2103 874 2177 cetera,
898 2121 997 2184 quam
1020 2121 1105 2185 quae
1123 2101 1159 2164 in
1175 2101 1257 2166 cella
1268 2103 1405 2187 penaria

260 2205 419 2290 reposita
437 2211 526 2282 cunt,
546 2205 596 2269 ita
615 2205 742 2270 servari
761 2210 902 2290 oportet,
915 2211 954 2270 ut
965 2228 1065 2292 quam
1075 2207 1219 2272 maxime
1231 2229 1405 2293 praecave·

260 2317 344 2377 atur
370 2333 413 2375 ne
434 2311 507 2376 luca
531 2312 584 2376 vel
607 2333 683 2376 aere
705 2312 759 2376 vel
771 2313 909 2377 humore
931 2317 1113 2377 mutentur.

309 2418 561 2483 Medicamenta
580 2418 730 2484 volatilia
746 2439 895 2503 quaeque
907 2425 1019 2503 partes
1031 2419 1184 2483 volatiles
1196 2419 1250 2483 vel
1262 2420 1404 2484 mutabi-

260 2525 371 2590 lioree
392 2526 566 2590 continent
588 2525 754 2590 servanda
773 2529 852 2590 sunt
874 2525 1050 2610 inlegenis
1061 2525 1114 2590 vel
1126 2527 1216 2590 vaeia
1228 2526 1404 2592 metallicis

262 2631 321 2696 vel
346 2630 423 2696 aliis
445 2630 583 2708 idoneis,
609 2631 692 2696 bene
715 2631 846 2696 clausis.

309 2737 486 2802 Nonnulla
497 2737 738 2803 medicamenta
750 2738 992 2823 hygroecopica
1008 2759 1067 2823 per
1078 2739 1200 2803 calcem
1212 2738 1324 2802 vivam
1336 2760 1403 2804 ser·

262 2845 382 2910 vanda
405 2866 478 2910 esse
501 2846 744 2930 praescriptum
756 2849 816 2910 est.
831 2845 905 2910 Hoc
917 2846 1159 2931 praescriptum
1171 2850 1302 2911 tantum
1313 2846 1404 2911 valet

262 2953 302 3017 in
314 2951 552 3017 medicamenti
563 2952 668 3037 copia,
682 2973 767 3038 quae
780 2951 822 3016 ad
834 2973 932 3016 usum
944 2952 1149 3017 cotidianum
1160 2953 1196 3016 in
1208 2954 1403 3037 pharmoco-

261 3059 359 3145 polio
392 3059 498 3123 adeat.
532 3059 575 3122 In
608 3059 690 3124 cella
720 3059 856 3145 penan'a
886 3059 1128 3125 medicamenta
1151 3061 1401 3146 hygroecopica‚

262 3171 502 3250 praeterquam
525 3159 594 3250 per'
606 3166 729 3230 calcem
751 3166 872 3249 vivam,
893 3167 1020 3231 servari
1038 3166 1401 3242 licetintubievitreia‚

264 3293 411 3357 quorum
445 3277 558 3357 partes
592 3279 760 3338 extremae
794 3272 994 3358 liquefactae
1024 3273 1155 3338 clausae
1179 3278 1268 3356 sunt,
1291 3272 1344 3337 vel
1367 3274 1403 3337 in

263 3378 397 3465 lagenis
425 3378 615 3464 epistemeis
644 3379 761 3443 vitreis
792 3379 960 3464 praeditis,
984 3379 1068 3444 bene
1091 3379 1267 3456 obturatis,
1291 3379 1345 3444 vel
1367 3380 1402 3443 in

263 3485 396 3571 lagenis
419 3506 561 3570 quarum
584 3485 760 3569 epietomia
782 3491 889 3551 atrato
912 3486 1064 3571 paraffini
1086 3487 1243 3570 imposito
1267 3485 1317 3550 vel
1337 3486 1402 3550 alia

264 3591 410 3656 materia
439 3613 558 3676 aquam
590 3591 785 3657 excludente
806 3594 945 3658 humore
969 3593 1136 3677 penetrari
1160 3597 1329 3677 nequeunt
1349 3591 1402 3656 vel

263 3699 303 3762 in
325 3698 418 3763 tubis
440 3697 625 3762 metallicis.

313 3803 490 3869 Nonnulla
513 3804 754 3870 medicamenta
776 3827 796 3870 a
818 3805 890 3871 luce
905 3811 1035 3871 remota
1047 3828 1119 3871 ease
1132 3805 1296 3870 servanda
1308 3825 1401 3889 prae-

266 3911 432 3995 scriptum
451 3916 513 3975 est.
527 3910 569 3973 In
579 3911 807 3977 medicamenti
820 3914 925 3998 copia,
938 3935 1022 3998 quae
1034 3913 1077 3977 ad
1088 3935 1186 3977 naum
1198 3910 1401 3976 cotidianum

264 4017 303 4080 in
333 4017 607 4100 pharmacopolio
636 4018 739 4096 adest,
771 4020 832 4084 hoc
862 4020 1029 4106 significat
1058 4020 1335 4084 medicamentum
1365 4017 1402 4079 in

266 4122 398 4208 lagenis
418 4145 436 4187 e
455 4122 548 4185 vitro
567 4128 638 4188 atro
649 4126 702 4190 vel
714 4125 815 4191 rubro
826 4126 880 4192 vel
892 4128 1031 4210 obscure
1043 4125 1228 4191 flavofusco
1240 4121 1401 4187 confectis

267 4227 475 4293 servandum
499 4247 581 4291 ease.
603 4227 784 4317 Unguenta
806 4236 840 4297 et
863 4238 1012 4299 extracta
1031 4233 1157 4298 servari
1175 4226 1402 4295 licetinvasis
