3544 5050
876 514 941 576 444

384 708 519 774 Pondus
557 708 745 794 specificum
780 710 880 786 0,900
903 707 946 772 sd
975 709 1084 784 0,910.
1108 707 1269 772 Tinctum
1292 711 1473 792 evaporata

337 837 406 880 non
429 816 539 880 minus
562 837 662 901 quum
685 819 814 900 purtem
837 814 1054 880 centesimum
1079 813 1129 890 1,7
1154 813 1329 898 relinquat.

436 941 548 1000 Doses
572 941 751 1001 maximae
773 939 932 1015 singulis
954 938 1287 1016 milligrarnmatum
1308 938 1375 999 2⁰0.

435 1038 548 1098 Doses
568 1039 748 1099 maximae
770 1038 807 1097 in
829 1039 935 1096 horas
956 1038 1100 1096 vicenas
1121 1041 1313 1109 quaternas

477 1135 809 1213 milligrsmmatum
830 1135 902 1199 60⁰.

564 1455 614 1552 -Ι-
647 1459 901 1552 Tinctum
942 1456 1163 1578 captiti.

383 1635 607 1699 Mucerutioue
630 1635 777 1720 petunda
800 1656 818 1699 e

435 1748 615 1799 fructuum
635 1749 759 1811 capstei
780 1743 977 1802 culicibus
998 1748 1035 1799 et
1057 1741 1274 1800 seminibus
1294 1741 1390 1799 libe-

476 1847 650 1898 ratorum
678 1847 716 1898 et
745 1841 1010 1899 minutissime
1041 1841 1288 1898 concisorum
1309 1858 1393 1916 pur-

475 1937 584 1996 tibus
612 1937 740 1995 decem
741 1981 1386 1998 .................
1436 1937 1473 1995 10

337 2040 372 2099 et

433 2148 574 2212 Spiritus
593 2148 690 2200 diluti
710 2144 895 2220 partibus
916 2152 1069 2203 centum
1100 2187 1387 2203 ........
1417 2141 1474 2200 100

380 2237 505 2323 Liquor
526 2239 614 2302 clere
634 2237 863 2316 rubrofuscus,
887 2241 953 2325 qui,
978 2261 1083 2325 uquue
1096 2240 1263 2303 volumine
1279 2239 1332 2303 vel
1343 2238 1470 2304 decem-

334 2345 411 2430 plici
445 2343 581 2423 dilutus,
616 2346 746 2428 saporis
776 2351 828 2410 est
851 2347 1001 2410 acerrimi
1025 2346 1115 2411 etin
1141 2345 1343 2430 epidermide
1369 2346 1471 2410 tritus

335 2449 490 2515 ruborem
513 2451 648 2516 excitet.

382 2557 515 2623 Pondus
550 2557 738 2642 specificum
773 2561 871 2638 0‚895
902 2559 945 2624 ud
972 2561 1081 2637 0,910.
1106 2560 1267 2625 Tinctum
1290 2565 1471 2646 evaporata

334 2686 402 2728 non
425 2663 535 2729 miuus
557 2684 656 2749 quum
680 2670 809 2749 purtem
832 2667 1045 2731 centesimam
1072 2669 1124 2743 1‚5
1147 2667 1322 2753 relinquet.

553 3000 603 3097 -Ι-
637 3005 889 3099 Tinctum
929 3004 1167 3101 catechu.

380 3180 532 3244 Pure-nde
555 3203 573 3245 e

432 3293 574 3345 catcchu
600 3289 639 3346 in
667 3290 866 3365 pulverem
893 3291 983 3369 (Am)
1018 3289 1173 3348 reducti
1205 3290 1388 3367 partibus

471 3385 620 3460 viginti
654 3433 1382 3450 ...................
1430 3389 1469 3446 20

334 3487 368 3547 et

431 3596 571 3659 Spiritus
591 3597 688 3648 diluti
710 3592 894 3668 partibus
915 3605 1069 3650 centum
1096 3637 1263 3652 .....
1264 3663 1269 3676 ⁸
1297 3639 1303 3652 .
1337 3637 1344 3652 .
1376 3637 1383 3652 .
1413 3593 1471 3650 100

378 3687 502 3774 Liquor
524 3687 648 3766 fuscus,
674 3690 802 3774 saporis
826 3689 1078 3775 adstringentis.

380 3794 496 3860 Mixtis
521 3795 699 3860 'lincturue
724 3794 873 3860 Cutcchu
896 3800 1013 3881 guttae
1040 3800 1056 3860 1
1083 3801 1118 3861 et
1140 3797 1279 3881 spiritus
1303 3797 1410 3882 guttis
1424 3799 1466 3860 10

331 3900 471 3965 chloreti
505 3900 618 3965 ferrici
641 3905 740 3986 gutte
766 3905 783 3964 l
808 3901 932 3980 uddits,
957 3902 1067 3989 liquor
1098 3904 1293 3990 viridiniger
1318 3904 1460 3969 exsistit.

376 4007 510 4071 Pondus
541 4006 729 4091 speciiicum
760 4010 858 4086 0,945
889 4009 933 4074 ud
963 4012 1072 4086 0,953.
1098 4011 1259 4077 Tinctum
1282 4016 1463 4096 evaporata

222 4135 223 4140 ¹
330 4134 397 4177 non
421 4113 531 4178 minus
553 4133 653 4197 quem
676 4119 788 4198 peries
811 4117 1009 4181 centesimus
1036 4120 1076 4181 15
1099 4117 1276 4202 relinquet.
