<?xml version="1.0" encoding="UTF-8"?>
<!DOCTYPE html PUBLIC "-//W3C//DTD XHTML 1.0 Transitional//EN"
    "http://www.w3.org/TR/xhtml1/DTD/xhtml1-transitional.dtd">
<html xmlns="http://www.w3.org/1999/xhtml" xml:lang="en" lang="en">
 <head>
  <title>
</title>
<meta http-equiv="Content-Type" content="text/html;charset=utf-8" />
  <meta name='ocr-system' content='tesseract 3.04.00' />
  <meta name='ocr-capabilities' content='ocr_page ocr_carea ocr_par ocr_line ocrx_word'/>
</head>
<body>
  <div class='ocr_page' id='page_1' title='image "./pharmocopoeaned00zakegoog_0511.png"; bbox 0 0 3532 5034; ppageno 0'>
   <div class='ocr_carea' id='block_1_1' title="bbox 887 522 952 584">
    <p class='ocr_par' dir='ltr' id='par_1_1' title="bbox 887 522 952 584">
     <span class='ocr_line' id='line_1_1' title="bbox 887 522 952 584; baseline -0.031 0"><span class='ocrx_word' id='word_1_1' title='bbox 887 522 952 584; x_wconf 85' lang='lat'><strong>480</strong></span> 
     </span>
    </p>
   </div>
   <div class='ocr_carea' id='block_1_2' title="bbox 297 712 1485 1868">
    <p class='ocr_par' dir='ltr' id='par_1_2' title="bbox 353 712 1484 908">
     <span class='ocr_line' id='line_1_2' title="bbox 353 712 1484 803; baseline -0.004 -22"><span class='ocrx_word' id='word_1_2' title='bbox 353 717 591 803; x_wconf 88' lang='lat' dir='ltr'><strong>suppletorum‚</strong></span> <span class='ocrx_word' id='word_1_3' title='bbox 616 715 747 802; x_wconf 89' lang='lat' dir='ltr'><strong>pondus</strong></span> <span class='ocrx_word' id='word_1_4' title='bbox 760 715 948 800; x_wconf 86' lang='lat' dir='ltr'><strong>specificum</strong></span> <span class='ocrx_word' id='word_1_5' title='bbox 960 715 1004 779; x_wconf 87' lang='lat' dir='ltr'><strong>sit</strong></span> <span class='ocrx_word' id='word_1_6' title='bbox 1017 716 1139 791; x_wconf 80' lang='lat'>0‚9823</span> <span class='ocrx_word' id='word_1_7' title='bbox 1150 713 1192 777; x_wconf 89' lang='lat' dir='ltr'><strong>ad</strong></span> <span class='ocrx_word' id='word_1_8' title='bbox 1205 715 1336 792; x_wconf 83' lang='lat'><strong>0‚9802,</strong></span> <span class='ocrx_word' id='word_1_9' title='bbox 1349 712 1383 777; x_wconf 93' lang='lat' dir='ltr'><strong>id</strong></span> <span class='ocrx_word' id='word_1_10' title='bbox 1396 713 1484 798; x_wconf 91' lang='lat' dir='ltr'><strong>quod</strong></span> 
     </span>
     <span class='ocr_line' id='line_1_3' title="bbox 353 819 1387 908; baseline -0.006 -19"><span class='ocrx_word' id='word_1_11' title='bbox 353 824 509 890; x_wconf 86' lang='lat' dir='ltr'><strong>convenit</strong></span> <span class='ocrx_word' id='word_1_12' title='bbox 533 845 608 888; x_wconf 92' lang='lat' dir='ltr'><strong>cum</strong></span> <span class='ocrx_word' id='word_1_13' title='bbox 631 823 790 887; x_wconf 83' lang='lat' dir='ltr'><strong>alccholis</strong></span> <span class='ocrx_word' id='word_1_14' title='bbox 813 821 965 908; x_wconf 83' lang='lat' dir='ltr'><strong>pertibus</strong></span> <span class='ocrx_word' id='word_1_15' title='bbox 988 820 1178 886; x_wconf 67' lang='lat' dir='ltr'><strong>centesimis</strong></span> <span class='ocrx_word' id='word_1_16' title='bbox 1205 823 1245 884; x_wconf 86' lang='lat'><strong>13</strong></span> <span class='ocrx_word' id='word_1_17' title='bbox 1268 819 1311 884; x_wconf 91' lang='lat' dir='ltr'><strong>ad</strong></span> <span class='ocrx_word' id='word_1_18' title='bbox 1337 824 1387 884; x_wconf 90' lang='lat'><strong>15.</strong></span> 
     </span>
    </p>

    <p class='ocr_par' dir='ltr' id='par_1_3' title="bbox 297 925 1485 1316">
     <span class='ocr_line' id='line_1_4' title="bbox 397 925 1484 1016; baseline -0.006 -20"><span class='ocrx_word' id='word_1_19' title='bbox 397 931 531 1008; x_wconf 82' lang='lat' dir='ltr'><strong>Eorum,</strong></span> <span class='ocrx_word' id='word_1_20' title='bbox 567 951 651 1016; x_wconf 85' lang='lat' dir='ltr'><strong>quae</strong></span> <span class='ocrx_word' id='word_1_21' title='bbox 689 928 913 994; x_wconf 76' lang='lat' dir='ltr'><strong>destillatione</strong></span> <span class='ocrx_word' id='word_1_22' title='bbox 936 934 1070 1015; x_wconf 88' lang='lat' dir='ltr'><strong>peracta</strong></span> <span class='ocrx_word' id='word_1_23' title='bbox 1094 931 1300 1013; x_wconf 88' lang='lat' dir='ltr'><strong>supererunt,</strong></span> <span class='ocrx_word' id='word_1_24' title='bbox 1333 948 1418 1012; x_wconf 89' lang='lat' dir='ltr'><strong>aqua</strong></span> <span class='ocrx_word' id='word_1_25' title='bbox 1441 925 1484 990; x_wconf 89' lang='lat' dir='ltr'><strong>ad</strong></span> 
     </span>
     <span class='ocr_line' id='line_1_5' title="bbox 353 1033 1485 1122; baseline -0.004 -20"><span class='ocrx_word' id='word_1_26' title='bbox 353 1038 549 1103; x_wconf 89' lang='lat' dir='ltr'><strong>centimetra</strong></span> <span class='ocrx_word' id='word_1_27' title='bbox 582 1037 698 1102; x_wconf 92' lang='lat' dir='ltr'><strong>cubica</strong></span> <span class='ocrx_word' id='word_1_28' title='bbox 734 1037 798 1100; x_wconf 86' lang='lat'><strong>100</strong></span> <span class='ocrx_word' id='word_1_29' title='bbox 821 1036 1050 1122; x_wconf 86' lang='lat' dir='ltr'><strong>suppletorum</strong></span> <span class='ocrx_word' id='word_1_30' title='bbox 1073 1034 1205 1121; x_wconf 87' lang='lat' dir='ltr'><strong>pondus</strong></span> <span class='ocrx_word' id='word_1_31' title='bbox 1228 1033 1415 1120; x_wconf 84' lang='lat' dir='ltr'><strong>specificam</strong></span> <span class='ocrx_word' id='word_1_32' title='bbox 1440 1033 1485 1098; x_wconf 89' lang='lat' dir='ltr'><strong>sit</strong></span> 
     </span>
     <span class='ocr_line' id='line_1_6' title="bbox 355 1140 1484 1228; baseline -0.003 -21"><span class='ocrx_word' id='word_1_33' title='bbox 355 1146 450 1222; x_wconf 86' lang='lat'><strong>1,096</strong></span> <span class='ocrx_word' id='word_1_34' title='bbox 486 1144 528 1208; x_wconf 90' lang='lat' dir='ltr'><strong>ad</strong></span> <span class='ocrx_word' id='word_1_35' title='bbox 565 1145 671 1222; x_wconf 80' lang='lat'>1,104‚</span> <span class='ocrx_word' id='word_1_36' title='bbox 707 1143 741 1206; x_wconf 92' lang='lat' dir='ltr'><strong>id</strong></span> <span class='ocrx_word' id='word_1_37' title='bbox 777 1143 865 1228; x_wconf 88' lang='lat' dir='ltr'><strong>quod</strong></span> <span class='ocrx_word' id='word_1_38' title='bbox 889 1143 1047 1207; x_wconf 89' lang='lat' dir='ltr'><strong>convenit</strong></span> <span class='ocrx_word' id='word_1_39' title='bbox 1069 1164 1144 1206; x_wconf 92' lang='lat' dir='ltr'><strong>cum</strong></span> <span class='ocrx_word' id='word_1_40' title='bbox 1168 1140 1309 1205; x_wconf 73' lang='lat' dir='ltr'><strong>extracti</strong></span> <span class='ocrx_word' id='word_1_41' title='bbox 1333 1141 1484 1227; x_wconf 85' lang='lat' dir='ltr'><strong>partibus</strong></span> 
     </span>
     <span class='ocr_line' id='line_1_7' title="bbox 297 1249 750 1316; baseline -0.007 0"><span class='ocrx_word' id='word_1_42' title='bbox 297 1275 299 1278; x_wconf 90' lang='lat'>·</span> <span class='ocrx_word' id='word_1_43' title='bbox 352 1249 541 1316; x_wconf 84' lang='lat' dir='ltr'><strong>centesimis</strong></span> <span class='ocrx_word' id='word_1_44' title='bbox 566 1253 607 1314; x_wconf 82' lang='lat'><strong>25</strong></span> <span class='ocrx_word' id='word_1_45' title='bbox 631 1250 673 1314; x_wconf 89' lang='lat' dir='ltr'><strong>ad</strong></span> <span class='ocrx_word' id='word_1_46' title='bbox 699 1250 750 1315; x_wconf 82' lang='lat'><strong>27.</strong></span> 
     </span>
    </p>

    <p class='ocr_par' dir='ltr' id='par_1_4' title="bbox 351 1353 1484 1868">
     <span class='ocr_line' id='line_1_8' title="bbox 398 1353 1483 1442; baseline -0.003 -21"><span class='ocrx_word' id='word_1_47' title='bbox 398 1357 507 1421; x_wconf 90' lang='lat' dir='ltr'><strong>Huius</strong></span> <span class='ocrx_word' id='word_1_48' title='bbox 529 1357 668 1442; x_wconf 92' lang='lat' dir='ltr'><strong>liquoris</strong></span> <span class='ocrx_word' id='word_1_49' title='bbox 692 1357 926 1422; x_wconf 85' lang='lat' dir='ltr'><strong>centimetrum</strong></span> <span class='ocrx_word' id='word_1_50' title='bbox 948 1357 1140 1422; x_wconf 87' lang='lat' dir='ltr'><strong>cubicorum</strong></span> <span class='ocrx_word' id='word_1_51' title='bbox 1164 1357 1216 1432; x_wconf 88' lang='lat'><strong>50,</strong></span> <span class='ocrx_word' id='word_1_52' title='bbox 1251 1354 1339 1420; x_wconf 88' lang='lat' dir='ltr'><strong>acidi</strong></span> <span class='ocrx_word' id='word_1_53' title='bbox 1359 1353 1483 1439; x_wconf 84' lang='lat' dir='ltr'><strong>hydro-</strong></span> 
     </span>
     <span class='ocr_line' id='line_1_9' title="bbox 351 1458 1483 1539; baseline -0.004 -10"><span class='ocrx_word' id='word_1_54' title='bbox 351 1464 489 1529; x_wconf 90' lang='lat' dir='ltr'><strong>chlorici</strong></span> <span class='ocrx_word' id='word_1_55' title='bbox 511 1463 609 1528; x_wconf 90' lang='lat' dir='ltr'><strong>diluti</strong></span> <span class='ocrx_word' id='word_1_56' title='bbox 627 1463 832 1528; x_wconf 83' lang='lat' dir='ltr'><strong>centimetris</strong></span> <span class='ocrx_word' id='word_1_57' title='bbox 857 1464 982 1528; x_wconf 88' lang='lat' dir='ltr'><strong>cubicis</strong></span> <span class='ocrx_word' id='word_1_58' title='bbox 1007 1466 1026 1527; x_wconf 82' lang='lat'><strong>2</strong></span> <span class='ocrx_word' id='word_1_59' title='bbox 1052 1463 1242 1539; x_wconf 85' lang='lat' dir='ltr'><strong>mixtorum,</strong></span> <span class='ocrx_word' id='word_1_60' title='bbox 1267 1467 1339 1526; x_wconf 92' lang='lat' dir='ltr'><strong>tum</strong></span> <span class='ocrx_word' id='word_1_61' title='bbox 1363 1458 1483 1526; x_wconf 83' lang='lat' dir='ltr'><strong>calefa-</strong></span> 
     </span>
     <span class='ocr_line' id='line_1_10' title="bbox 351 1566 1483 1653; baseline -0.003 -19"><span class='ocrx_word' id='word_1_62' title='bbox 351 1576 481 1636; x_wconf 89' lang='lat' dir='ltr'><strong>ctorum</strong></span> <span class='ocrx_word' id='word_1_63' title='bbox 503 1571 583 1634; x_wconf 89' lang='lat' dir='ltr'><strong>dum</strong></span> <span class='ocrx_word' id='word_1_64' title='bbox 595 1569 765 1649; x_wconf 90' lang='lat' dir='ltr'><strong>ebulliant,</strong></span> <span class='ocrx_word' id='word_1_65' title='bbox 778 1569 907 1648; x_wconf 87' lang='lat' dir='ltr'><strong>deinde,</strong></span> <span class='ocrx_word' id='word_1_66' title='bbox 921 1569 1046 1635; x_wconf 86' lang='lat' dir='ltr'><strong>additis</strong></span> <span class='ocrx_word' id='word_1_67' title='bbox 1058 1570 1176 1634; x_wconf 90' lang='lat' dir='ltr'><strong>solutis</strong></span> <span class='ocrx_word' id='word_1_68' title='bbox 1188 1569 1323 1633; x_wconf 87' lang='lat' dir='ltr'><strong>nitratis</strong></span> <span class='ocrx_word' id='word_1_69' title='bbox 1340 1566 1483 1653; x_wconf 85' lang='lat' dir='ltr'><strong>berytici</strong></span> 
     </span>
     <span class='ocr_line' id='line_1_11' title="bbox 351 1673 1484 1762; baseline -0.004 -21"><span class='ocrx_word' id='word_1_70' title='bbox 351 1677 629 1762; x_wconf 84' lang='lat' dir='ltr'><strong>milligrammatis</strong></span> <span class='ocrx_word' id='word_1_71' title='bbox 653 1679 715 1741; x_wconf 90' lang='lat'><strong>150</strong></span> <span class='ocrx_word' id='word_1_72' title='bbox 737 1678 773 1741; x_wconf 93' lang='lat' dir='ltr'><strong>in</strong></span> <span class='ocrx_word' id='word_1_73' title='bbox 796 1699 901 1762; x_wconf 86' lang='lat' dir='ltr'><strong>aquae</strong></span> <span class='ocrx_word' id='word_1_74' title='bbox 925 1676 1130 1742; x_wconf 87' lang='lat' dir='ltr'><strong>centimetris</strong></span> <span class='ocrx_word' id='word_1_75' title='bbox 1152 1675 1277 1741; x_wconf 90' lang='lat' dir='ltr'><strong>cubicis</strong></span> <span class='ocrx_word' id='word_1_76' title='bbox 1302 1673 1484 1759; x_wconf 71' lang='lat' dir='ltr'><strong>5‚refrige-</strong></span> 
     </span>
     <span class='ocr_line' id='line_1_12' title="bbox 351 1782 1381 1868; baseline -0.001 -21"><span class='ocrx_word' id='word_1_77' title='bbox 351 1787 500 1848; x_wconf 90' lang='lat' dir='ltr'><strong>ratorum</strong></span> <span class='ocrx_word' id='word_1_78' title='bbox 524 1782 648 1848; x_wconf 87' lang='lat' dir='ltr'><strong>filtrata</strong></span> <span class='ocrx_word' id='word_1_79' title='bbox 670 1782 786 1849; x_wconf 90' lang='lat' dir='ltr'><strong>addito</strong></span> <span class='ocrx_word' id='word_1_80' title='bbox 809 1785 932 1850; x_wconf 83' lang='lat' dir='ltr'><strong>nitrate</strong></span> <span class='ocrx_word' id='word_1_81' title='bbox 956 1784 1107 1868; x_wconf 90' lang='lat' dir='ltr'><strong>barytico</strong></span> <span class='ocrx_word' id='word_1_82' title='bbox 1128 1805 1170 1848; x_wconf 91' lang='lat' dir='ltr'><strong>ne</strong></span> <span class='ocrx_word' id='word_1_83' title='bbox 1193 1783 1381 1848; x_wconf 85' lang='lat' dir='ltr'><strong>turbentur.</strong></span> 
     </span>
    </p>
   </div>
   <div class='ocr_carea' id='block_1_3' title="bbox 813 2015 1014 2024">
    <p class='ocr_par' dir='ltr' id='par_1_5' title="bbox 813 2015 1014 2024">
     <span class='ocr_line' id='line_1_13' title="bbox 813 2015 1014 2024; baseline 0.005 -2"><span class='ocrx_word' id='word_1_84' title='bbox 813 2015 1014 2024; x_wconf 67' lang='lat' dir='ltr'><strong>n——n——-</strong></span> 
     </span>
    </p>
   </div>
   <div class='ocr_carea' id='block_1_4' title="bbox 621 2160 1130 2286">
    <p class='ocr_par' dir='ltr' id='par_1_6' title="bbox 621 2160 1130 2286">
     <span class='ocr_line' id='line_1_14' title="bbox 621 2160 1130 2286; baseline -0.008 -27"><span class='ocrx_word' id='word_1_85' title='bbox 621 2160 672 2259; x_wconf 84' lang='lat'>÷</span> <span class='ocrx_word' id='word_1_86' title='bbox 704 2166 877 2259; x_wconf 77' lang='lat' dir='ltr'><strong>Vinum</strong></span> <span class='ocrx_word' id='word_1_87' title='bbox 913 2164 1130 2286; x_wconf 75' lang='lat' dir='ltr'><strong>Peucini.</strong></span> 
     </span>
    </p>
   </div>
   <div class='ocr_carea' id='block_1_5' title="bbox 350 2343 1483 3830">
    <p class='ocr_par' dir='ltr' id='par_1_7' title="bbox 350 2343 1483 3830">
     <span class='ocr_line' id='line_1_15' title="bbox 395 2343 498 2409; baseline -0.01 -2"><span class='ocrx_word' id='word_1_88' title='bbox 395 2343 498 2409; x_wconf 87' lang='lat' dir='ltr'><strong>Misce</strong></span> 
     </span>
     <span class='ocr_line' id='line_1_16' title="bbox 448 2449 1483 2526; baseline -0.002 -20"><span class='ocrx_word' id='word_1_89' title='bbox 448 2453 577 2519; x_wconf 71' lang='lat' dir='ltr'><strong>Pepsini</strong></span> <span class='ocrx_word' id='word_1_90' title='bbox 598 2455 731 2526; x_wconf 87' lang='lat' dir='ltr'><strong>partes</strong></span> <span class='ocrx_word' id='word_1_91' title='bbox 753 2451 903 2526; x_wconf 84' lang='lat' dir='ltr'><strong>viginti</strong></span> <span class='ocrx_word' id='word_1_92' title='bbox 922 2455 1115 2526; x_wconf 90' lang='lat' dir='ltr'><strong>quattuor</strong></span> <span class='ocrx_word' id='word_1_93' title='bbox 1149 2492 1396 2508; x_wconf 84' lang='lat'><strong>.......</strong></span> <span class='ocrx_word' id='word_1_94' title='bbox 1445 2449 1483 2504; x_wconf 82' lang='lat'><strong>24</strong></span> 
     </span>
     <span class='ocr_line' id='line_1_17' title="bbox 447 2546 1483 2622; baseline 0 -20"><span class='ocrx_word' id='word_1_95' title='bbox 447 2553 611 2617; x_wconf 77' lang='lat' dir='ltr'><strong>Glycerini</strong></span> <span class='ocrx_word' id='word_1_96' title='bbox 638 2547 823 2622; x_wconf 81' lang='lat' dir='ltr'><strong>partibus</strong></span> <span class='ocrx_word' id='word_1_97' title='bbox 845 2549 995 2622; x_wconf 84' lang='lat' dir='ltr'><strong>viginti</strong></span> <span class='ocrx_word' id='word_1_98' title='bbox 1009 2590 1396 2608; x_wconf 91' lang='grc'><strong>..........</strong></span> <span class='ocrx_word' id='word_1_99' title='bbox 1444 2546 1483 2602; x_wconf 80' lang='lat'><strong>20</strong></span> 
     </span>
     <span class='ocr_line' id='line_1_18' title="bbox 449 2642 1482 2722; baseline -0.002 -21"><span class='ocrx_word' id='word_1_100' title='bbox 449 2650 540 2701; x_wconf 78' lang='lat' dir='ltr'><strong>Acidi</strong></span> <span class='ocrx_word' id='word_1_101' title='bbox 560 2649 795 2712; x_wconf 82' lang='lat' dir='ltr'><strong>hydroohloricl</strong></span> <span class='ocrx_word' id='word_1_102' title='bbox 815 2650 914 2702; x_wconf 81' lang='lat' dir='ltr'><strong>diluti</strong></span> <span class='ocrx_word' id='word_1_103' title='bbox 935 2643 1119 2722; x_wconf 86' lang='lat' dir='ltr'><strong>partibus</strong></span> <span class='ocrx_word' id='word_1_104' title='bbox 1140 2662 1205 2701; x_wconf 87' lang='lat' dir='ltr'><strong>sex</strong></span> <span class='ocrx_word' id='word_1_105' title='bbox 1230 2687 1396 2702; x_wconf 92' lang='grc'><strong>.....</strong></span> <span class='ocrx_word' id='word_1_106' title='bbox 1464 2642 1482 2699; x_wconf 88' lang='grc'><strong>6</strong></span> 
     </span>
     <span class='ocr_line' id='line_1_19' title="bbox 448 2740 1481 2818; baseline -0.002 -20"><span class='ocrx_word' id='word_1_107' title='bbox 448 2749 558 2811; x_wconf 71' lang='lat' dir='ltr'><strong>Aquae</strong></span> <span class='ocrx_word' id='word_1_108' title='bbox 580 2740 764 2818; x_wconf 89' lang='lat' dir='ltr'><strong>partibus</strong></span> <span class='ocrx_word' id='word_1_109' title='bbox 785 2741 1066 2818; x_wconf 81' lang='lat' dir='ltr'><strong>duodeviginti</strong></span> <span class='ocrx_word' id='word_1_110' title='bbox 1074 2784 1396 2804; x_wconf 87' lang='grc'><strong>.........</strong></span> <span class='ocrx_word' id='word_1_111' title='bbox 1445 2741 1481 2796; x_wconf 85' lang='grc'><strong>18</strong></span> 
     </span>
     <span class='ocr_line' id='line_1_20' title="bbox 395 2838 1481 2926; baseline -0.001 -23"><span class='ocrx_word' id='word_1_112' title='bbox 395 2839 502 2904; x_wconf 78' lang='lat' dir='ltr'><strong>Mixto</strong></span> <span class='ocrx_word' id='word_1_113' title='bbox 526 2861 586 2925; x_wconf 87' lang='lat' dir='ltr'><strong>per</strong></span> <span class='ocrx_word' id='word_1_114' title='bbox 608 2839 707 2904; x_wconf 89' lang='lat' dir='ltr'><strong>horas</strong></span> <span class='ocrx_word' id='word_1_115' title='bbox 733 2841 784 2916; x_wconf 80' lang='lat'><strong>24,</strong></span> <span class='ocrx_word' id='word_1_116' title='bbox 809 2861 907 2926; x_wconf 89' lang='lat' dir='ltr'><strong>saepe</strong></span> <span class='ocrx_word' id='word_1_117' title='bbox 930 2861 1101 2926; x_wconf 87' lang='lat' dir='ltr'><strong>quassans,</strong></span> <span class='ocrx_word' id='word_1_118' title='bbox 1116 2862 1248 2926; x_wconf 85' lang='lat' dir='ltr'><strong>sepone,</strong></span> <span class='ocrx_word' id='word_1_119' title='bbox 1261 2838 1380 2904; x_wconf 89' lang='lat' dir='ltr'><strong>deinde</strong></span> <span class='ocrx_word' id='word_1_120' title='bbox 1391 2838 1481 2903; x_wconf 90' lang='lat' dir='ltr'><strong>filtra</strong></span> 
     </span>
     <span class='ocr_line' id='line_1_21' title="bbox 350 2945 1390 3032; baseline 0.002 -24"><span class='ocrx_word' id='word_1_121' title='bbox 350 2950 384 3009; x_wconf 88' lang='lat' dir='ltr'><strong>ct</strong></span> <span class='ocrx_word' id='word_1_122' title='bbox 407 2945 532 3010; x_wconf 86' lang='lat' dir='ltr'><strong>filtrum</strong></span> <span class='ocrx_word' id='word_1_123' title='bbox 555 2966 660 3030; x_wconf 89' lang='lat' dir='ltr'><strong>aquae</strong></span> <span class='ocrx_word' id='word_1_124' title='bbox 683 2951 779 3010; x_wconf 91' lang='lat' dir='ltr'><strong>tanta</strong></span> <span class='ocrx_word' id='word_1_125' title='bbox 802 2947 990 3032; x_wconf 88' lang='lat' dir='ltr'><strong>quantitate</strong></span> <span class='ocrx_word' id='word_1_126' title='bbox 1018 2947 1090 3011; x_wconf 86' lang='lat' dir='ltr'><strong>elue</strong></span> <span class='ocrx_word' id='word_1_127' title='bbox 1112 2952 1151 3011; x_wconf 94' lang='lat' dir='ltr'><strong>ut</strong></span> <span class='ocrx_word' id='word_1_128' title='bbox 1174 2947 1298 3011; x_wconf 88' lang='lat' dir='ltr'><strong>filtrata</strong></span> <span class='ocrx_word' id='word_1_129' title='bbox 1323 2945 1390 3010; x_wconf 90' lang='lat' dir='ltr'><strong>sint</strong></span> 
     </span>
     <span class='ocr_line' id='line_1_22' title="bbox 448 3051 1481 3130; baseline 0 -22"><span class='ocrx_word' id='word_1_130' title='bbox 448 3053 621 3129; x_wconf 88' lang='lat' dir='ltr'><strong>partium</strong></span> <span class='ocrx_word' id='word_1_131' title='bbox 647 3051 1039 3130; x_wconf 86' lang='lat' dir='ltr'><strong>duodeseptuaginta</strong></span> <span class='ocrx_word' id='word_1_132' title='bbox 1066 3097 1395 3112; x_wconf 91' lang='grc'><strong>.........</strong></span> <span class='ocrx_word' id='word_1_133' title='bbox 1443 3052 1481 3108; x_wconf 87' lang='grc'><strong>08</strong></span> 
     </span>
     <span class='ocr_line' id='line_1_23' title="bbox 394 3149 1031 3235; baseline 0.005 -23"><span class='ocrx_word' id='word_1_134' title='bbox 394 3149 518 3234; x_wconf 91' lang='lat' dir='ltr'><strong>Liquor</strong></span> <span class='ocrx_word' id='word_1_135' title='bbox 540 3149 589 3213; x_wconf 93' lang='lat' dir='ltr'><strong>ita</strong></span> <span class='ocrx_word' id='word_1_136' title='bbox 611 3155 748 3235; x_wconf 84' lang='lat' dir='ltr'><strong>paratus</strong></span> <span class='ocrx_word' id='word_1_137' title='bbox 772 3155 924 3214; x_wconf 88' lang='lat' dir='ltr'><strong>servetur</strong></span> <span class='ocrx_word' id='word_1_138' title='bbox 945 3151 1031 3215; x_wconf 86' lang='lat' dir='ltr'><strong>licet.</strong></span> 
     </span>
     <span class='ocr_line' id='line_1_24' title="bbox 393 3255 1278 3342; baseline 0.003 -24"><span class='ocrx_word' id='word_1_139' title='bbox 393 3255 517 3319; x_wconf 91' lang='lat' dir='ltr'><strong>Vinum</strong></span> <span class='ocrx_word' id='word_1_140' title='bbox 541 3256 675 3342; x_wconf 82' lang='lat' dir='ltr'><strong>Pepsini</strong></span> <span class='ocrx_word' id='word_1_141' title='bbox 697 3278 772 3321; x_wconf 94' lang='lat' dir='ltr'><strong>cum</strong></span> <span class='ocrx_word' id='word_1_142' title='bbox 795 3257 1055 3342; x_wconf 87' lang='lat' dir='ltr'><strong>dispensandum</strong></span> <span class='ocrx_word' id='word_1_143' title='bbox 1079 3257 1152 3335; x_wconf 87' lang='lat' dir='ltr'><strong>erit,</strong></span> <span class='ocrx_word' id='word_1_144' title='bbox 1178 3257 1278 3322; x_wconf 90' lang='lat' dir='ltr'><strong>misce</strong></span> 
     </span>
     <span class='ocr_line' id='line_1_25' title="bbox 449 3362 1477 3442; baseline 0 -23"><span class='ocrx_word' id='word_1_145' title='bbox 449 3362 563 3420; x_wconf 88' lang='lat' dir='ltr'><strong>buius</strong></span> <span class='ocrx_word' id='word_1_146' title='bbox 586 3363 748 3440; x_wconf 86' lang='lat' dir='ltr'><strong>liquoris</strong></span> <span class='ocrx_word' id='word_1_147' title='bbox 770 3363 1316 3442; x_wconf 85' lang='lat' dir='ltr'><strong>partesduodeseptuaginta</strong></span> <span class='ocrx_word' id='word_1_148' title='bbox 1344 3409 1349 3422; x_wconf 93' lang='lat'><em>.</em></span> <span class='ocrx_word' id='word_1_149' title='bbox 1382 3409 1390 3423; x_wconf 89' lang='lat'><strong>.</strong></span> <span class='ocrx_word' id='word_1_150' title='bbox 1438 3364 1477 3420; x_wconf 76' lang='lat'><strong>68</strong></span> 
     </span>
     <span class='ocr_line' id='line_1_26' title="bbox 448 3461 1481 3538; baseline 0.002 -22"><span class='ocrx_word' id='word_1_151' title='bbox 448 3465 557 3530; x_wconf 81' lang='lat' dir='ltr'><strong>Strupi</strong></span> <span class='ocrx_word' id='word_1_152' title='bbox 577 3467 735 3530; x_wconf 75' lang='lat' dir='ltr'><strong>simplicis</strong></span> <span class='ocrx_word' id='word_1_153' title='bbox 755 3462 940 3538; x_wconf 86' lang='lat' dir='ltr'><strong>partibus</strong></span> <span class='ocrx_word' id='word_1_154' title='bbox 961 3464 1180 3538; x_wconf 79' lang='lat' dir='ltr'><strong>nonaginta</strong></span> <span class='ocrx_word' id='word_1_155' title='bbox 1188 3506 1394 3522; x_wconf 90' lang='grc'><strong>......</strong></span> <span class='ocrx_word' id='word_1_156' title='bbox 1442 3461 1481 3518; x_wconf 87' lang='grc'><strong>90</strong></span> 
     </span>
     <span class='ocr_line' id='line_1_27' title="bbox 446 3559 1480 3636; baseline 0.002 -22"><span class='ocrx_word' id='word_1_157' title='bbox 446 3559 1077 3636; x_wconf 76' lang='lat' dir='ltr'><strong>TincturaeAurantiorumpartibus</strong></span> <span class='ocrx_word' id='word_1_158' title='bbox 1099 3559 1274 3620; x_wconf 85' lang='lat' dir='ltr'><strong>duabus.</strong></span> <span class='ocrx_word' id='word_1_159' title='bbox 1307 3605 1313 3619; x_wconf 92' lang='lat'><em>.</em></span> <span class='ocrx_word' id='word_1_160' title='bbox 1347 3606 1353 3619; x_wconf 94' lang='lat'><strong>.</strong></span> <span class='ocrx_word' id='word_1_161' title='bbox 1387 3605 1394 3619; x_wconf 92' lang='lat'><strong>.</strong></span> <span class='ocrx_word' id='word_1_162' title='bbox 1463 3560 1480 3616; x_wconf 81' lang='lat'>2</span> 
     </span>
     <span class='ocr_line' id='line_1_28' title="bbox 446 3656 1399 3735; baseline 0.004 -25"><span class='ocrx_word' id='word_1_163' title='bbox 446 3661 523 3713; x_wconf 76' lang='lat' dir='ltr'><strong>Vini</strong></span> <span class='ocrx_word' id='word_1_164' title='bbox 554 3662 747 3714; x_wconf 62' lang='lat' dir='ltr'><strong>luccensis</strong></span> <span class='ocrx_word' id='word_1_165' title='bbox 775 3658 961 3734; x_wconf 88' lang='lat' dir='ltr'><strong>partibus</strong></span> <span class='ocrx_word' id='word_1_166' title='bbox 997 3659 1227 3733; x_wconf 81' lang='lat' dir='ltr'><strong>octingentis</strong></span> <span class='ocrx_word' id='word_1_167' title='bbox 1251 3656 1399 3735; x_wconf 86' lang='lat' dir='ltr'><strong>quadra·</strong></span> 
     </span>
     <span class='ocr_line' id='line_1_29' title="bbox 485 3755 1481 3830; baseline 0.002 -20"><span class='ocrx_word' id='word_1_168' title='bbox 485 3755 589 3830; x_wconf 86' lang='lat' dir='ltr'><strong>ginta</strong></span> <span class='ocrx_word' id='word_1_169' title='bbox 623 3797 1392 3816; x_wconf 90' lang='grc'><strong>....................</strong></span> <span class='ocrx_word' id='word_1_170' title='bbox 1419 3755 1481 3812; x_wconf 82' lang='grc'><strong>840</strong></span> 
     </span>
    </p>
   </div>
   <div class='ocr_carea' id='block_1_6' title="bbox 346 3851 1479 4154">
    <p class='ocr_par' dir='ltr' id='par_1_8' title="bbox 346 3851 1479 4154">
     <span class='ocr_line' id='line_1_30' title="bbox 392 3851 1479 3940; baseline 0.001 -25"><span class='ocrx_word' id='word_1_171' title='bbox 392 3851 517 3937; x_wconf 91' lang='lat' dir='ltr'><strong>Liquor</strong></span> <span class='ocrx_word' id='word_1_172' title='bbox 561 3853 679 3930; x_wconf 88' lang='lat' dir='ltr'><strong>clarus,</strong></span> <span class='ocrx_word' id='word_1_173' title='bbox 726 3852 1017 3930; x_wconf 85' lang='lat' dir='ltr'><strong>subrubrofuscus‚</strong></span> <span class='ocrx_word' id='word_1_174' title='bbox 1065 3855 1194 3940; x_wconf 87' lang='lat' dir='ltr'><strong>saporis</strong></span> <span class='ocrx_word' id='word_1_175' title='bbox 1235 3853 1479 3940; x_wconf 87' lang='lat' dir='ltr'><strong>quodammodo</strong></span> 
     </span>
     <span class='ocr_line' id='line_1_31' title="bbox 346 3957 597 4044; baseline 0.012 -22"><span class='ocrx_word' id='word_1_176' title='bbox 346 3957 597 4044; x_wconf 86' lang='lat' dir='ltr'><strong>adstringentis.</strong></span> 
     </span>
     <span class='ocr_line' id='line_1_32' title="bbox 392 4065 1278 4154; baseline 0.005 -28"><span class='ocrx_word' id='word_1_177' title='bbox 392 4065 545 4129; x_wconf 88' lang='lat' dir='ltr'><strong>Vinum</strong></span> <span class='ocrx_word' id='word_1_178' title='bbox 581 4066 753 4152; x_wconf 88' lang='lat' dir='ltr'><strong>Pepsini</strong></span> <span class='ocrx_word' id='word_1_179' title='bbox 789 4089 838 4130; x_wconf 88' lang='lat' dir='ltr'><strong>ex</strong></span> <span class='ocrx_word' id='word_1_180' title='bbox 872 4072 1066 4153; x_wconf 88' lang='lat' dir='ltr'><strong>tempore</strong></span> <span class='ocrx_word' id='word_1_181' title='bbox 1101 4073 1278 4154; x_wconf 91' lang='lat' dir='ltr'><strong>paretur</strong></span> 
     </span>
    </p>
   </div>
   <div class='ocr_carea' id='block_1_7' title="bbox 813 4293 1013 4304">
    <p class='ocr_par' dir='ltr' id='par_1_9' title="bbox 813 4293 1013 4304">
     <span class='ocr_line' id='line_1_33' title="bbox 813 4293 1013 4304; baseline 0.01 -2"><span class='ocrx_word' id='word_1_182' title='bbox 813 4293 1013 4304; x_wconf 52' lang='lat' dir='ltr'><strong>m...-</strong></span> 
     </span>
    </p>
   </div>
   <div class='ocr_carea' id='block_1_8' title="bbox 0 0 1770 5034">
    <p class='ocr_par' dir='ltr' id='par_1_10' title="bbox 0 0 1770 5034">
     <span class='ocr_line' id='line_1_34' title="bbox 0 0 1770 5034; baseline 0 2"><span class='ocrx_word' id='word_1_183' title='bbox 0 0 1770 5034; x_wconf 95' lang='lat' dir='ltr'><strong> </strong></span> 
     </span>
    </p>
   </div>
  </div>
 </body>
</html>
