3584 5026
857 514 921 577 190

357 705 407 804 -Ι-
440 707 634 802 Galles
673 706 1049 802 bismuttious
1088 709 1334 807 testeus.

757 885 1018 953 Dermatolum.

365 1029 478 1094 Pulvis
501 1029 633 1106 citreus,
658 1030 847 1114 amorphm,
873 1029 985 1094 odoris
998 1035 1032 1095 et
1044 1031 1173 1115 saporis
1185 1053 1313 1117 expers,
1328 1034 1451 1098 tenuis-

320 1137 432 1214 simus,
457 1137 513 1222 qui
536 1135 727 1212 calefactus,
746 1136 894 1221 oxydum
906 1137 1143 1202 bismuthicum
1155 1138 1293 1217 flavum,
1307 1140 1451 1224 globulis

320 1243 494 1308 metallicis
511 1244 653 1307 mixtum
665 1243 865 1327 relinquens,
878 1243 1094 1307 comburitur.
1108 1245 1221 1309 Gallos
1234 1244 1452 1311 bismuthicus

320 1351 452 1417 basicus
475 1351 509 1414 in
529 1372 615 1437 aqua
633 1372 700 1414 non
724 1350 875 1427 solvitur,
899 1351 1049 1415 chartam
1071 1352 1329 1438 exploratoriam
1341 1375 1451 1419 caeru·

320 1460 414 1538 leam,
438 1457 659 1524 madefactam
681 1457 791 1522 reddit
814 1457 1022 1521 subrubram.

365 1565 478 1630 Gallas
512 1564 731 1629 bismutbieus
765 1563 896 1628 basicus
929 1563 1110 1630 calefactus
1144 1565 1179 1628 in
1214 1566 1299 1631 acidi
1330 1567 1452 1652 hydro·

320 1672 456 1738 chlorici
497 1672 686 1758 quantitate
727 1670 926 1756 quintuplici
961 1671 1120 1750 solvitur;
1159 1672 1277 1737 solutis
1312 1673 1451 1759 refrige-

320 1778 500 1860 scentibus,
522 1778 681 1864 crystalla
704 1777 779 1843 alba
802 1782 1029 1843 secernuntur.

365 1885 477 1950 Gallus
512 1885 732 1951 bismuthicus
755 1885 885 1950 basicus
908 1884 943 1946 in
967 1883 1133 1949 solutione
1157 1884 1311 1970 hydratis
1332 1887 1451 1952 natrici

321 1993 464 2058 solvitur
497 1993 531 2055 in
565 1992 727 2077 liquorem
761 1991 896 2068 flavum,
920 1991 975 2076 qui
1004 2013 1078 2055 aere
1102 1991 1263 2071 rubescit;
1287 2015 1354 2058 una
1376 2015 1451 2058 oum

320 2099 415 2165 acido
438 2097 598 2163 sulfurico
617 2097 797 2164 calefactus
815 2098 977 2182 liquorem
997 2096 1136 2163 obscure
1154 2099 1291 2163 rubrum
1304 2099 1449 2184 praebet.

365 2206 520 2271 Aetheris
553 2205 757 2271 centimetn's
791 2204 915 2269 cubicis
941 2206 981 2268 10
1004 2225 1080 2270 eum
1103 2205 1243 2271 Gallatis
1261 2206 1453 2272 bismuthici

321 2311 424 2377 basici
435 2317 618 2398 grammato
644 2315 660 2375 l
675 2311 914 2397 conquassatis,
928 2310 1047 2376 deinde
1058 2311 1194 2377 filtratis
1206 2318 1240 2378 et
1251 2313 1449 2398 evaporatio,

320 2419 403 2483 nihil
416 2418 569 2504 supersit,
578 2418 668 2504 quod
677 2417 854 2503 ponderari
863 2422 963 2502 queat
971 2419 1117 2500 (acidum
1123 2419 1449 2504 pallioamliberam).

364 2525 479 2611 Aquee
501 2524 733 2590 centimetrum
756 2523 947 2589 cubicorum
968 2525 1009 2587 20
1021 2545 1095 2589 cum
1109 2525 1450 2591 Gallatisbiemuthici

320 2631 421 2697 basiei
445 2631 638 2716 grammatis
659 2634 678 2695 2
698 2637 994 2716 conquassatorum
1009 2631 1135 2696 filtrata
1146 2654 1188 2697 ne
1200 2632 1315 2697 addito
1327 2633 1450 2698 nitrate

319 2739 470 2824 barytico
501 2759 585 2803 neve
612 2739 735 2803 nitrate
758 2739 929 2822 argentico
953 2737 1139 2803 turbentur.
1176 2739 1324 2818 Quorum
1347 2739 1449 2804 filtra-

320 2851 430 2910 torum
467 2845 664 2910 centimetra
701 2844 816 2909 cubica
847 2847 866 2908 5
896 2845 924 2908 si
959 2843 1221 2931 diphenylamini
1258 2846 1449 2932 milligram-

319 2950 417 3016 matis
443 2955 462 3015 5
486 2951 521 3015 in
544 2951 630 3017 acidi
653 2949 803 3016 sulfurici
826 2951 1031 3016 centimetris
1054 2952 1178 3018 cubicis
1200 2952 1449 3020 5nullooolore

318 3057 437 3123 solutis
461 3058 786 3144 superimponamus,
812 3062 954 3123 stratum
977 3060 1106 3124 confine
1129 3061 1314 3126 caeruleum
1327 3062 1447 3127 neliat.

366 3165 499 3243 Eorum,
534 3187 618 3251 quae
652 3164 693 3228 de
717 3164 856 3229 Gallatis
881 3164 1072 3232 bismuthici
1095 3166 1197 3232 basici
1220 3174 1404 3252 grammate
1430 3173 1446 3233 1

318 3271 492 3337 combusto
534 3276 741 3356 supererunt,
777 3271 812 3335 in
847 3271 932 3336 acidi
965 3273 1077 3339 uitrici
1110 3273 1208 3338 diluti
1243 3275 1448 3340 centimetrie

317 3378 442 3444 cubicis
478 3381 519 3443 10
543 3379 737 3455 solutorum,
762 3377 881 3443 deinde
904 3401 1008 3465 aquae
1031 3381 1236 3446 centimetris
1258 3381 1382 3447 cubicis
1408 3385 1448 3446 10

318 3490 352 3550 et
375 3486 560 3550 ammoniae
581 3485 786 3550 centimetris
810 3484 933 3550 cubicis
957 3488 976 3551 6
1000 3487 1181 3552 mixtorum
1192 3488 1448 3554 filtrstecoloris

318 3592 468 3676 expertia
491 3592 572 3670 sint3
597 3592 647 3670 iis,
672 3613 756 3677 quae
778 3591 820 3657 de
842 3593 976 3658 filtratis
999 3595 1188 3679 evaporatio
1211 3595 1446 3673 relictaerunt,

316 3697 437 3762 leniter
458 3697 671 3776 candefactis,
695 3718 778 3783 quae
801 3705 1009 3784 supererunt,
1029 3701 1206 3785 ponderari
1228 3708 1403 3788 nequeant.

363 3804 419 3882 Iis,
436 3826 520 3890 quae
542 3805 583 3869 de
607 3804 747 3870 Gallatis
770 3805 961 3870 bismuthici
984 3807 1086 3872 basici
1109 3814 1293 3892 grammate
1319 3813 1335 3871 1
1361 3830 1448 3874 com-

319 3909 417 3974 busto
446 3915 652 3994 supererunt,
676 3911 711 3974 in
734 3911 820 3976 acidi
842 3913 954 3978 nitrici
976 3912 1075 3977 diluti
1098 3915 1302 3980 centimetris
1325 3915 1448 3980 cubicis

321 4019 361 4080 10
385 4016 512 4093 solutis,
537 4017 660 4082 additis
684 4038 788 4103 aquae
806 4019 1011 4085 centimetris
1023 4020 1146 4086 cubicis
1159 4023 1201 4086 50
1214 4027 1248 4087 et
1259 4021 1447 4087 carbonatis

318 4123 439 4190 natrici
462 4129 557 4190 tanta
579 4124 767 4210 quantitate
790 4132 829 4190 ut
850 4125 960 4212 liquor
984 4128 1163 4193 reactionis
1185 4133 1316 4194 tantum
1331 4129 1449 4194 leviter

317 4229 430 4296 acidae
464 4231 508 4296 sit
542 4236 576 4297 et
610 4232 767 4317 exiguum
800 4233 1054 4319 praecipitatum
1084 4240 1242 4302 constans
1271 4235 1445 4312 exstiterit,
