3584 5026
875 545 940 609 200

548 842 598 940 ÷
631 846 827 939 Gummi
868 847 1178 966 plastioum.

384 1078 491 1143 Sueus
512 1078 639 1143 lacteus
662 1077 814 1156 sieoatus,
838 1077 999 1143 incisione
1023 1081 1160 1162 paratus
1179 1098 1197 1141 e
1217 1076 1377 1163 stirpibus
1387 1099 1472 1163 quas

340 1184 502 1269 praebent
536 1183 717 1250 nonnullae
752 1185 878 1270 speeies
913 1184 1044 1269 generis
1087 1184 1287 1270 Palaquii
1318 1190 1352 1249 et
1389 1205 1471 1248 non-

337 1291 448 1356 nullae
482 1292 753 1378 Sapotaeeae
788 1290 912 1369 affines,
947 1291 983 1355 in
1018 1290 1174 1356 Sumetra
1208 1297 1242 1356 et
1272 1292 1308 1355 in
1338 1292 1469 1356 Borneo

338 1399 455 1463 insulis
479 1404 599 1485 sponte
622 1420 683 1463 sua
705 1404 892 1465 arescentes
914 1398 968 1463 vel
991 1399 1025 1462 in
1048 1397 1131 1463 Iava
1153 1397 1263 1462 insule
1285 1398 1403 1464 cultae.

384 1541 580 1627 Plerumque
603 1541 785 1626 placentae,
810 1540 980 1626 depsendo
1003 1541 1109 1618 fictae,
1127 1545 1223 1606 extra
1234 1539 1468 1626 griseofusoee,

339 1649 368 1712 ei
392 1654 582 1714 transverse
604 1654 775 1733 porrectae
798 1652 887 1724 sunt,
907 1647 994 1713 olere
1017 1646 1130 1713 limone
1153 1648 1206 1711 vel
1225 1647 1469 1735 quodammodo

338 1777 505 1834 carnosae,
541 1756 723 1821 enormiter
753 1755 901 1833 striatae,
932 1754 1049 1820 stratis
1071 1754 1276 1833 clarioribus,
1301 1755 1469 1820 interdum

338 1862 576 1948 propemodum
599 1860 693 1926 albis.

384 1969 540 2034 Materies
586 1968 701 2046 solida,
744 1989 862 2054 parum
896 1968 995 2046 lenta,
1027 1990 1095 2033 non
1126 1989 1279 2054 gratiosa,
1315 1990 1400 2055 quae
1434 1969 1470 2033 in

338 2096 423 2161 equa
446 2079 551 2150 natet,
575 2075 694 2140 eoloris
717 2075 824 2160 gradu
847 2075 913 2140 ium
937 2077 996 2139 60⁰
1018 2075 1189 2153 mollescit,
1213 2075 1249 2140 in
1271 2097 1357 2161 aqua
1380 2074 1470 2141 ebul-

337 2181 432 2246 lienti
464 2181 549 2246 lenis
585 2186 620 2247 et
652 2181 792 2266 plastica
826 2181 866 2246 fit
903 2203 963 2247 neo
997 2187 1110 2246 tamen
1142 2181 1304 2267 liquescit.
1336 2182 1469 2247 Gummi

337 2275 512 2373 plastieum
547 2287 792 2373 refrigeratum,
823 2309 939 2354 rursus
969 2288 1089 2353 durum
1110 2287 1248 2366 laetum,
1271 2287 1378 2372 ipsam
1401 2287 1469 2352 for-

337 2417 423 2460 mam
445 2395 569 2460 retinet
590 2394 655 2460 sibi
677 2394 790 2460 datam
813 2417 887 2461 oum
910 2395 1052 2461 calidum
1075 2400 1157 2462 erat
1182 2395 1270 2459 Dum
1293 2394 1468 2479 plastieum

336 2506 396 2580 est,
432 2501 529 2567 laeile
558 2507 760 2567 extenuatur
781 2503 817 2566 in
840 2503 986 2567 taeniam
1008 2503 1147 2580 firmam,
1172 2499 1468 2586 semiperlueidam‚

336 2629 421 2694 quae
454 2631 539 2673 neve
573 2608 703 2694 fragilis
736 2631 821 2674 neve
851 2610 1022 2695 glutinosa
1045 2610 1099 2674 sit.
1124 2609 1258 2675 Gummi
1281 2609 1466 2693 plastieum,

201 2771 202 2776 ,
337 2714 484 2799 exeeptis
514 2715 709 2802 quisquiliis,
736 2737 820 2801 quae
844 2739 886 2781 ne
909 2716 984 2802 plus
1008 2718 1077 2782 sint
1099 2738 1198 2803 quam
1221 2722 1334 2801 partes
1358 2719 1467 2781 oente-

336 2820 438 2886 eimae
475 2825 526 2898 10,
562 2823 597 2886 in
632 2821 859 2888 ehlorolormo
893 2828 928 2889 et
956 2823 993 2887 in
1024 2823 1144 2889 sulfido
1172 2823 1348 2889 carbonieo
1378 2822 1467 2887 lente

336 2927 479 2993 solvitur
507 2929 543 2991 in
572 2927 734 3014 liquorem
765 2929 1018 3014 griseofuseum,
1044 2951 1112 2994 non
1137 2929 1287 3008 viridem,
1312 2929 1467 3015 spissum,

336 3035 394 3120 qui
415 3034 532 3101 addito
554 3036 688 3100 aethere
712 3036 877 3102 turbetur.
905 3037 1040 3102 Gummi
1062 3036 1194 3123 plastiei
1215 3037 1339 3102 ooneisi
1359 3057 1467 3121 gram-

336 3141 435 3206 matis
480 3145 508 3220 1,
546 3163 622 3208 eum
655 3142 815 3208 aleoholia
849 3143 994 3209 absoluti
1027 3143 1233 3210 centimetris
1266 3141 1391 3208 eubiois
1425 3143 1467 3205 20

336 3267 396 3330 per
425 3247 542 3312 horam
573 3251 590 3311 1
620 3249 779 3328 eoneoeti,
810 3273 852 3314 ne
880 3250 955 3336 plus
984 3273 1083 3337 quam
1108 3249 1378 3336 milligrammate
1404 3250 1467 3312 150

336 3352 446 3419 soluta
469 3354 547 3420 sint.

379 3459 513 3524 Gummi
536 3461 711 3547 plastioum
734 3464 944 3530 eombustum
967 3465 1087 3530 cineris
1103 3486 1145 3530 ne
1157 3464 1232 3549 plus
1243 3485 1343 3550 quam
1354 3467 1466 3548 partes

334 3567 532 3632 centesimas
556 3572 575 3632 5
598 3568 773 3655 relinquat.

379 3673 421 3737 In
445 3673 542 3738 India
562 3674 768 3742 Occidentali
780 3677 1108 3743 Nederlandioaloeo
1121 3676 1254 3743 Gummi
1266 3676 1397 3761 plastiei
1409 3675 1465 3741 ed·

337 3779 442 3845 hiberi
462 3782 540 3847 lieet
560 3783 671 3848 balatu
680 3783 726 3847 ibi
734 3784 1053 3871 collectumespeeie
1062 3785 1194 3871 generis
1212 3783 1464 3868 Mimusopis.
