3582 5034
895 547 959 614 330

357 741 492 806 tialibus
516 741 632 818 divisa,
657 762 786 818 cornea,
807 740 1069 825 semiperlucida,
1090 741 1223 806 sordide
1242 741 1326 821 alba;
1341 741 1489 808 fractura

357 850 440 934 ligni
459 849 622 913 medullae
642 869 770 934 expers,
784 847 958 912 flavoalba.
972 849 1105 913 Radicis
1118 854 1308 914 transverse
1320 855 1489 934 persectae

357 957 485 1041 lignum
519 955 687 1019 interdum
722 955 906 1020 orbiculare
936 959 989 1019 est
1010 955 1064 1018 vel
1088 956 1192 1035 ovalo,
1217 961 1253 1020 at
1275 955 1311 1019 in
1334 961 1489 1022 curvatu-

356 1084 469 1128 rarum
482 1063 584 1127 latere
597 1083 746 1128 convexo
758 1083 856 1148 saepe
867 1082 998 1147 quoque
1010 1061 1086 1126 sinu
1096 1065 1248 1140 cuneata,
1257 1063 1315 1147 qui
1324 1066 1392 1127 tarn
1401 1063 1488 1128 latus

358 1192 429 1235 esse
448 1175 569 1256 potest,
589 1174 628 1233 ut
639 1169 736 1234 radix
747 1173 898 1254 persecta
909 1169 1152 1234 semicirculata
1163 1171 1217 1233 sit.
1231 1169 1391 1235 Radicum
1404 1192 1490 1256 aqua

357 1277 578 1342 emollitamm
602 1277 723 1342 cristae
747 1281 838 1341 totae
862 1277 913 1341 vel
935 1298 1090 1362 magnam
1106 1280 1236 1362 parbem
1249 1277 1379 1342 ablatae
1392 1281 1487 1355 sunt;

356 1384 478 1448 cortice
501 1383 663 1448 nudatum
686 1384 815 1469 lignum
838 1385 874 1448 in
892 1389 1147 1448 curvaturarum
1159 1383 1319 1448 lateribus
1331 1383 1489 1448 convexis

357 1491 488 1575 saepius
518 1490 627 1555 sulcos
658 1491 828 1555 breviores
859 1492 912 1556 vel
942 1491 1118 1575 longiores,
1150 1490 1304 1569 directas,
1328 1495 1488 1555 cuneatos

357 1596 500 1674 exhibet,
522 1617 596 1661 cum
616 1596 744 1661 sinibus
762 1617 863 1682 supra
882 1597 1077 1662 memoratis
1086 1597 1336 1662 convenientes.
1351 1596 1488 1662 Caudex

356 1703 589 1768 centimetrum
612 1703 655 1768 ad
680 1704 730 1781 1‚7
755 1705 853 1782 altus,
878 1725 1010 1770 crassus
1033 1705 1231 1769 centimetre
1254 1703 1296 1768 ad
1322 1707 1385 1783 2‚5;
1398 1724 1487 1768 com-

356 1814 483 1894 pactus,
507 1810 664 1888 nodosus,
689 1811 870 1875 enormiter
892 1811 1067 1890 rotundus,
1091 1811 1216 1878 crebris
1238 1811 1382 1876 caulium
1404 1810 1488 1876 cice-

356 1917 495 1981 trieibus
531 1917 697 1995 tenuibus,
733 1915 926 1983 fuscoflavis
961 1925 995 1984 et
1029 1919 1212 2004 squamulis
1245 1918 1488 2003 gemmulisque

356 2024 522 2090 violaceis.

400 2130 493 2195 Odor
514 2130 621 2216 qualis
644 2135 696 2195 est
720 2130 903 2216 salicylatis
926 2133 1115 2217 methylici;
1141 2153 1241 2218 sapor
1263 2133 1452 2198 acerrimus.

305 2295 306 2299 ,
399 2236 596 2301 Extractum
620 2258 706 2322 aqua
730 2237 854 2323 frigida
881 2240 913 2322 (1
930 2265 964 2298 ε
979 2241 1058 2320 200)
1080 2244 1233 2324 paratum
1257 2244 1291 2304 et
1314 2239 1485 2314 filtratum,

353 2348 620 2427 conquassatum,
645 2344 859 2408 vehementer
881 2351 914 2410 et
936 2345 994 2409 diu
1017 2351 1158 2430 spumet.

822 2572 1023 2581 ...ω--

558 2750 608 2848 ÷
642 2755 808 2848 Radix
841 2755 1193 2848 valerianae.

399 2930 537 2995 Radices
568 2931 775 2996 adventiciae
804 2953 887 3016 quas
917 2932 1060 3016 praebet
1079 2930 1484 2996 Valerianaoffici-

354 3037 478 3115 nalis,
515 3037 615 3102 L1NN.
647 3039 704 3122 Sp.
730 3039 777 3105 Pl.
803 3041 854 3116 31,
879 3061 955 3104 cum
978 3038 1120 3116 caudice,
1145 3043 1306 3117 autumno
1329 3037 1483 3103 collectae

352 3165 372 3207 a
406 3143 529 3228 plantis
564 3143 739 3210 biennibus
773 3145 815 3210 ad
849 3146 1005 3224 triennes,
1040 3168 1108 3209 non
1142 3145 1274 3210 ablutae
1304 3144 1486 3230 prudenter

353 3250 493 3315 siccatae
516 3256 550 3315 et
573 3272 632 3337 per
654 3252 798 3317 cribrum
823 3259 911 3317 terra
934 3253 1128 3317 adhaerenti
1151 3252 1338 3317 mundatae.

396 3411 537 3476 Radices
568 3411 773 3478 adventiciae
803 3413 936 3490 multae,
967 3413 1116 3490 librasse,
1141 3411 1286 3497 undique
1309 3436 1327 3477 e
1350 3411 1483 3477 caudice

352 3523 553 3596 enascentes,
582 3518 775 3605 plerumque
798 3520 1014 3585 decimatrum
1041 3525 1056 3583 1
1082 3520 1210 3604 longae,
1234 3541 1363 3584 crassae
1386 3519 1484 3583 milli-

352 3629 458 3688 metra
480 3625 523 3688 sd
549 3628 577 3702 2,
602 3625 747 3711 fragiles,
768 3649 827 3712 per
850 3626 1092 3712 longitudinem
1112 3645 1264 3708 rugosae,
1285 3626 1406 3691 cortice
1422 3647 1483 3711 pro

351 3736 424 3795 rata
450 3737 545 3817 parte
568 3733 747 3798 admodum
771 3755 891 3812 crasso,
917 3734 999 3798 stela
1023 3733 1182 3798 filiformi.
1220 3731 1358 3798 Caudex
1380 3733 1482 3798 centi-

353 3843 459 3902 metra
493 3839 534 3902 ad
568 3844 587 3902 5
622 3839 751 3925 longus,
788 3863 919 3906 crassus
952 3841 1148 3906 centimetra
1182 3841 1224 3905 ad
1250 3843 1278 3918 2,
1314 3839 1482 3904 interdum

351 3945 520 4010 nonnullis
545 3945 695 4031 flagellis,
720 3947 898 4013 obconicus
921 3948 975 4012 vel
998 3947 1208 4032 cylindricus,
1222 3951 1362 4031 utraque
1375 3951 1482 4010 extre·

352 4052 468 4115 mitate
492 4051 699 4130 obtruncata,
724 4054 817 4139 apice
839 4076 971 4139 gemma
995 4055 1155 4141 praedito,
1180 4055 1320 4139 vaginae
1332 4053 1481 4138 reliquiis

350 4157 562 4222 circumdata.
597 4159 695 4225 Intus
729 4161 850 4247 pallide
884 4162 1007 4240 fuscus,
1042 4163 1164 4228 cortice
1198 4163 1291 4226 tenui
1326 4166 1359 4225 et
1393 4161 1481 4224 intra

349 4261 514 4327 cambium
557 4265 733 4332 obscurum
773 4270 872 4334 anulo
906 4272 1066 4347 tenuiore,
1102 4270 1292 4335 cohaerenti
1325 4267 1378 4332 vel
1413 4287 1481 4330 non
