3582 5034
859 517 923 582 333

324 715 463 800 exiguae
486 713 547 791 sit3
572 712 825 798 praecipitatum
848 711 956 776 calore
979 733 1047 776 non
1065 711 1216 782 edhibito
1228 711 1324 790 sicca,
1337 711 1457 776 deinde

324 843 382 908 per
405 821 527 886 calcem
551 819 674 896 vivam,
698 818 840 904 denique
863 819 898 883 in
922 819 1093 904 pulverem
1114 819 1240 904 redige.

369 927 483 992 Pulvis
505 925 713 990 viridiflsvus
736 925 779 990 ad
801 925 1031 1003 flavofuscum,
1056 925 1169 990 odoris
1180 926 1315 1012 proprii,
1329 926 1457 1012 saporis

322 1034 435 1100 amari.
460 1034 502 1098 In
513 1033 632 1098 balneo
643 1053 748 1117 aquae
759 1031 940 1098 calefactus
951 1033 1095 1098 colorem
1106 1034 1211 1099 trahit
1222 1033 1457 1112 obscuriorem,

324 1164 393 1207 non
416 1141 578 1227 liquescit.

367 1249 491 1314 Resina
514 1245 714 1333 Podophylli
735 1247 771 1310 in
794 1268 880 1331 aqua
902 1245 1027 1332 frigida
1048 1269 1117 1310 non
1140 1247 1291 1325 solvitur,
1315 1247 1350 1310 in
1371 1269 1458 1332 aqua

322 1355 429 1422 calida
459 1354 591 1440 partim,
615 1353 651 1416 in
674 1353 812 1439 spiritus
835 1353 987 1438 pertibus
1013 1356 1063 1432 10,
1088 1354 1123 1417 in
1145 1355 1332 1419 ammoniae
1356 1354 1457 1440 pcrti-

325 1462 388 1526 bus
412 1463 454 1525 50
477 1465 550 1525 tota
573 1458 724 1524 solvitur.

369 1566 477 1632 Radix
500 1565 699 1652 Podophylli
719 1565 1034 1653 podophyllotoxini
1056 1567 1226 1632 contineat
1248 1572 1360 1652 partes
1382 1589 1457 1633 cen-

324 1675 460 1740 tesimas
482 1696 550 1738 non
574 1673 684 1738 minus
707 1695 806 1759 quam
830 1676 883 1738 40.
912 1672 1083 1753 Quantum
1105 1675 1196 1753 insit,
1220 1675 1268 1740 ita
1279 1675 1456 1741 statuitur:

326 1779 552 1846 Chloroformi
575 1781 771 1845 centimetra
793 1780 909 1845 cubica
934 1783 975 1844 10
999 1801 1073 1844 cum
1097 1781 1238 1846 Resinee
1258 1781 1458 1868 Podophylli

324 1891 509 1972 grammate
535 1890 551 1950 1
576 1885 769 1972 frequenter
791 1907 976 1972 conquasse
998 1909 1059 1973 per
1080 1886 1180 1952 hores
1199 1889 1230 1966 6,
1245 1888 1343 1968 filtra,
1355 1888 1458 1953 filtra·

326 1999 437 2059 torum
471 1993 667 2059 centimetra
699 1993 815 2058 cubica
850 1997 869 2058 5
903 1993 1036 2057 effunde
1071 1994 1106 2056 iu
1140 1993 1285 2058 aetheris
1319 1993 1459 2079 petrolei

325 2102 521 2166 centimetra
542 2101 658 2166 cubica
680 2103 740 2179 40;
764 2106 842 2187 post
864 2101 964 2165 horas
988 2103 1030 2164 24
1052 2101 1307 2187 praecipitatum
1330 2101 1458 2186 collige,

326 2209 471 2273 aetheris
489 2207 629 2293 petrolei
648 2207 853 2272 centimetris
872 2207 997 2272 cubicis
1017 2211 1059 2272 50
1071 2208 1178 2286 ablue,
1192 2207 1287 2286 sicca,
1301 2208 1457 2294 pondera.

327 2315 461 2380 Pondus
484 2313 618 2379 sitnon
641 2315 751 2379 minus
773 2314 1204 2400 quam-milligrammstum
1228 2317 1303 2380 200.

371 2423 486 2507 Aquae
520 2442 562 2485 ne
596 2421 766 2487 contineat
799 2421 874 2507 plus
908 2443 1007 2505 quam
1042 2427 1154 2506 pcrtes
1188 2421 1386 2487 centesimas
1422 2425 1458 2500 53

327 2529 500 2594 combusta
529 2527 649 2593 cineris
679 2550 722 2592 ne
744 2528 820 2614 plus
842 2549 942 2614 quam
965 2529 1070 2614 partis
1093 2529 1293 2594 centesimae
1315 2529 1461 2595 decimas

328 2637 396 2700 tres
419 2637 503 2718 (03)
525 2634 700 2720 relinquat.

789 2863 992 2878 *—

554 3043 604 3140 -Ι-
640 3045 895 3139 Rhizcna
928 3043 1150 3140 talant.

373 3223 535 3288 Rhizoma
564 3223 654 3309 quod
688 3223 824 3308 praebet
854 3223 1018 3289 Acorus
1043 3223 1252 3306 Calamus,
1277 3225 1378 3290 LINN.
1403 3225 1460 3313 Sp.

330 3330 376 3394 Pl.
413 3332 487 3408 324,
523 3336 684 3396 autumno
718 3330 903 3409 collectum,
935 3331 1090 3396 omnibus
1120 3331 1359 3417 appendicibus
1381 3331 1461 3398 libe·

328 3441 448 3514 ratum,
473 3458 540 3501 non
564 3437 813 3504 decorticatum.

374 3597 563 3662 Decimetra
577 3597 619 3662 ad
640 3600 659 3662 5
679 3597 827 3684 longum,
841 3619 989 3664 crassum
1001 3599 1252 3665 centimetraad
1272 3602 1302 3676 3,
1322 3599 1460 3678 lentum,

330 3703 574 3788 quodammodo
601 3704 735 3782 flexum,
767 3705 995 3789 cylindricum,
1028 3727 1128 3792 supra
1158 3727 1394 3792 compressum,
1427 3706 1462 3769 in

329 3809 536 3896 singularum
544 3811 799 3877 innovationum
807 3811 960 3877 confiniis
968 3813 1109 3898 singulis
1119 3813 1261 3891 tenuius;
1275 3833 1359 3899 quae
1367 3813 1462 3877 inno·

329 3915 481 3981 vationes
504 3923 660 3983 constant
683 3917 880 3983 internodiis
902 3917 973 3983 fere
999 3922 1050 3997 18,
1063 3941 1131 3984 non
1142 3920 1351 4006 longioribus
1362 3940 1461 4004 quam

330 4023 562 4088 centimetrum
607 4029 670 4104 1,5.
712 4024 753 4089 In
795 4025 892 4090 nodis
933 4025 1091 4091 loliorum
1125 4027 1295 4092 cicatrices
1328 4030 1462 4090 extante

331 4128 525 4214 triangulae,
560 4153 620 4217 per
653 4131 742 4196 vices
771 4131 953 4197 lateraliter
975 4133 1112 4220 positae,
1137 4134 1259 4211 fuscae,
1284 4131 1462 4217 inquibus

331 4254 428 4320 saepe
450 4237 647 4324 vaginarum
669 4237 828 4324 reliquiae
844 4237 967 4317 fuscas,
987 4239 1137 4319 fibrosae,
1147 4238 1337 4306 internodia
1348 4243 1462 4324 tegen-
