3466 5038
820 521 861 582 39

312 714 432 798 Aquae
471 715 657 779 communis
690 714 886 780 centimetra
919 715 1035 780 cubica
1071 717 1144 793 100,
1168 716 1285 782 addito
1318 718 1405 783 acidi

267 820 386 885 aeetici
420 819 619 885 centimetro
652 821 768 886 cubico
804 826 833 899 1,
865 843 924 907 per
945 823 1077 888 acidum
1099 821 1406 906 hydrosulfuricum

267 927 414 1012 speeiem
436 948 481 991 ne
503 931 635 992 mutent
656 928 748 992 intra
771 928 872 992 horae
893 934 1022 1012 partem
1036 933 1190 1013 quartam
1201 949 1285 992 neve
1296 930 1404 1014 magis

268 1055 330 1119 por
353 1031 580 1118 ferrocyaneti
602 1033 703 1100 kalici
726 1034 958 1100 centimetrum
981 1035 1132 1100 cubicum
1158 1039 1187 1100 1.

315 1140 433 1224 Aquae
466 1139 650 1204 communis
683 1140 881 1205 centimetra
903 1141 1020 1206 cubica
1045 1144 1118 1218 100,
1143 1141 1229 1206 acidi
1252 1141 1405 1206 sulluaici

268 1245 368 1310 diluti
394 1245 600 1310 centimetris
622 1246 747 1311 cubicis
772 1249 814 1311 10
836 1252 871 1312 et
893 1247 1162 1332 permanganatis
1181 1246 1282 1312 kalici
1304 1248 1405 1312 centi-

269 1351 434 1418 normalis
467 1353 672 1418 centimetris
706 1353 831 1418 cubicis
864 1357 886 1418 4
916 1355 1029 1432 mixta,
1066 1374 1126 1439 per
1152 1354 1252 1418 horae
1275 1359 1405 1439 purtem

268 1459 464 1524 vicesimam
487 1466 654 1537 concocta,
679 1483 721 1525 ne
744 1461 987 1526 decolorentur.

314 1567 433 1651 Aquae
456 1567 640 1632 communis
661 1567 859 1632 centimetra
877 1567 993 1632 cubica
1006 1569 1070 1632 100
1082 1572 1264 1652 evaporata
1275 1589 1404 1632 massae

267 1672 400 1738 solidae
422 1694 464 1737 ne
488 1673 562 1758 plus
585 1695 683 1759 quam
706 1673 976 1758 milligrammata
999 1675 1041 1738 50
1063 1674 1263 1759 relinquant.

571 2012 742 2134 Aquae
785 2014 1120 2108 aromaticae.

316 2173 435 2259 Aquae
457 2174 667 2250 aromaticae,
687 2173 753 2238 nisi
774 2174 873 2238 aliter
888 2174 1129 2259 praescriptum
1141 2174 1215 2250 erit,
1227 2173 1276 2238 ita
1287 2194 1404 2257 paren-

270 2285 347 2344 tur:
394 2280 635 2344 elementorum
677 2281 848 2365 quantitas
887 2279 1035 2345 indicata
1069 2301 1129 2364 per
1162 2301 1268 2365 aquae
1302 2301 1404 2364 quan·

270 2387 406 2452 titatem
428 2386 583 2451 idoneam
610 2408 669 2472 per
692 2388 791 2452 horas
817 2390 857 2452 12
881 2391 1083 2466 maceretur3
1107 2393 1180 2452 tum
1192 2391 1305 2472 partes
1319 2387 1405 2450 1000

270 2493 495 2560 destillentur.

318 2600 499 2666 Destillata
531 2601 568 2665 in
599 2601 727 2687 lagonis
765 2601 882 2666 charta
920 2601 1033 2666 bibula
1073 2601 1181 2678 tectis,
1212 2599 1406 2685 frequenter

272 2712 442 2792 quassata,
466 2707 576 2772 calore
598 2730 665 2773 non
690 2707 851 2785 adhibito,
875 2711 1034 2772 maneant
1056 2728 1116 2791 per
1138 2708 1238 2772 horus
1263 2708 1314 2773 24.

318 2814 435 2898 Aquae
468 2815 669 2879 aromaticae
702 2815 839 2880 fortiter
871 2814 1043 2879 redoleant
1073 2813 1270 2898 sapientque
1293 2818 1406 2897 partes

273 2920 429 2986 volatiles
451 2921 700 2998 elementorum,
726 2921 881 3006 equibus
905 2926 1040 3008 paratae
1064 2925 1153 2985 sunt.
1179 2919 1309 2986 Coloris
1337 2920 1406 2983 sint

272 3039 429 3112 expertes
452 3049 536 3092 neve
559 3032 672 3113 partes
693 3028 952 3113 mucilaginosas
974 3027 1179 3092 contineant.

316 3135 491 3218 Aquarum
523 3135 780 3200 aromaticarum
814 3134 1011 3199 centimetre
1044 3134 1161 3199 cubica
1193 3136 1266 3210 100,
1291 3133 1407 3198 addito

271 3240 370 3305 acido
393 3239 674 3326 hydrosuliurico‚
699 3241 843 3326 speciem
864 3263 907 3306 ne
930 3245 1071 3306 mutent.

319 3367 464 3451 Aquae
506 3366 773 3431 aromaticae
814 3387 835 3429 a
876 3364 972 3430 luce
1004 3369 1198 3429 remotae
1231 3369 1281 3438 et,
1317 3363 1406 3427 nisi

270 3473 410 3537 aliter
427 3473 754 3558 praescriptum
775 3473 870 3548 erit,
891 3471 989 3535 loco
1008 3469 1161 3557 frigido
1181 3474 1405 3534 serventur.

582 3721 721 3842 lqua
770 3720 1100 3817 cinnamomi.

318 3863 513 3928 Parandae

372 3975 508 4028 cornei·
539 3975 741 4028 mmmm
775 3971 815 4028 in
842 3971 1042 4048 pulverem
1067 3967 1137 4046 (Ag)
1172 3965 1328 4024 redacti

411 4067 597 4146 partibus
625 4075 778 4126 contum
792 4105 1321 4133 ..............
1352 4059 1408 4118 100

319 4161 442 4250 Liquor
464 4164 564 4230 initio
589 4163 752 4242 turbidus,
772 4164 892 4230 deinde
911 4164 1031 4229 clarus.
