3584 5026
873 543 936 605 212

339 740 431 816 fiant,
444 743 487 816 et,
501 759 576 804 eum
587 737 758 802 refrixerit
769 757 873 822 equae
881 736 989 822 guttis
996 736 1166 802 nonnullis
1173 735 1325 814 mixtum,
1336 735 1471 801 odorem

339 847 510 933 proprium
534 845 671 931 spargit,
695 843 803 930 qualia
825 847 877 908 est
899 843 1029 908 florum.

385 953 640 1039 Hydrobromae
659 950 883 1038 Scopolernini
895 951 929 1015 in
941 972 1028 1036 eque
1038 952 1072 1036 (1
1088 977 1121 1012 =
1135 952 1192 1034 50)
1203 951 1343 1029 eolutue,
1356 950 1471 1017 addito

339 1061 489 1127 chloreto
519 1059 640 1136 eurico¹
671 1058 926 1144 praecipitatum
955 1056 1092 1142 praebet
1114 1056 1350 1134 aurantiaeum‚
1382 1056 1471 1141 quod

339 1168 375 1232 in
397 1188 483 1252 aqua
505 1166 547 1231 ad
570 1165 689 1231 caloris
710 1163 851 1250 gradum
876 1167 977 1229 100ιιῐιὶ
997 1162 1194 1230 calefactum
1216 1186 1285 1228 non
1307 1163 1468 1249 liquescit.

385 1272 639 1358 Hydrobromee
652 1271 876 1357 Seopolarnini
886 1271 922 1335 in
933 1292 1019 1356 equa
1030 1274 1063 1355 (1
1083 1296 1117 1332 =
1134 1273 1192 1355 20)
1202 1271 1342 1348 solutus,
1356 1269 1470 1334 addito

339 1381 463 1446 nitrate
485 1379 665 1466 argentim,
685 1379 941 1465 praecipitatum
960 1379 1098 1464 praebet
1116 1377 1360 1456 flavidoalbum‚
1381 1377 1471 1463 quod

340 1488 375 1555 in
398 1486 565 1551 ammonia
587 1507 656 1550 non
679 1484 776 1551 facile
799 1485 951 1550 solvitur.

386 1591 669 1678 Hydrobromatis
704 1592 926 1679 Seopolamini
950 1592 1219 1678 milligrammata
1244 1594 1285 1656 20
1309 1592 1343 1656 in
1366 1613 1470 1677 aquae

340 1701 537 1767 centimetro
571 1698 687 1765 cubico
725 1704 740 1763 1
767 1699 877 1765 solute
899 1698 1024 1764 additis
1046 1699 1231 1764 ammoniae
1254 1698 1361 1783 guttis
1386 1701 1405 1761 2
1429 1719 1470 1762 ne

342 1807 529 1874 turbentur.

458 1933 572 1992 Doees
593 1931 773 1990 maximae
794 1929 951 2006 singulae
974 1929 1273 2008 milligremmatis

499 2029 669 2088 dimidiae
692 2029 802 2101 pertis
824 2025 911 2108 (aa).

459 2129 572 2186 Doses
593 2125 772 2187 maximae
793 2125 831 2185 in
852 2125 960 2185 horas
981 2125 1125 2185 vicenae
1145 2128 1333 2200 quaternas

499 2223 832 2299 miiligremmetum
854 2225 881 2284 l.

386 2330 671 2396 Inieetionum
702 2328 1060 2395 subcutanearum

459 2439 572 2497 Doees
594 2435 772 2496 maximae
793 2436 953 2514 singulae
975 2437 1276 2513 milligrammetie

500 2535 609 2610 partis
630 2539 774 2610 quartae
794 2531 872 2615 (a).

510 2980 899 3100 Hydraetieras
930 2979 1305 3099 Apamerptini.

755 3155 1059 3245 ewnwnoflnci

387 3299 556 3385 Crystalla
589 3299 764 3365 anicularia
798 3300 918 3365 eoloris
952 3301 1102 3386 expertia
1136 3301 1189 3365 vel
1212 3300 1298 3365 clere
1322 3321 1339 3364 e
1362 3299 1471 3384 griseo

342 3407 471 3485 viridia,
497 3407 609 3472 odoris
632 3407 790 3492 expertia,
815 3408 943 3493 saporis
959 3408 1072 3486 amari,
1085 3429 1170 3492 quae
1181 3407 1262 3484 lnce,
1275 3405 1470 3492 praesertim

341 3514 377 3578 in
415 3535 490 3578 aere
513 3513 659 3591 humido,
683 3515 861 3579 virescunt.
908 3514 1160 3599 Hydroehlorae
1178 3512 1421 3599 Apomorphini
1436 3513 1472 3576 in

343 3641 448 3705 equae
463 3619 615 3705 partibus
638 3623 716 3698 40‚4
739 3621 888 3686 solvitur.

388 3725 691 3811 Hydroehloratem
725 3729 967 3814 Apomorphini
1005 3728 1136 3794 aeidum
1172 3727 1329 3794 uitricum
1363 3727 1472 3793 colore

343 3833 526 3917 sanguineo
548 3833 663 3899 inficit.

389 3939 669 4024 Hydroehloretie
691 3943 933 4027 Apomorphini
955 3943 1223 4028 milligrammeta
1248 3944 1289 4005 10
1311 3941 1347 4005 in
1368 3960 1472 4025 equae

343 4046 548 4112 centimetrie
574 4047 700 4113 eubieie
732 4051 773 4112 10
806 4049 924 4128 soluta,
960 4049 1046 4114 auidi
1076 4050 1187 4114 nitriei
1209 4048 1307 4113 diluti
1330 4050 1468 4133 guttai

343 4153 458 4230 mixta,
479 4153 594 4220 addito
617 4154 741 4220 nitrate
763 4157 944 4240 argentim,
969 4156 1224 4241 praecipitatum
1245 4155 1356 4220 album
1373 4152 1472 4238 depo-

343 4269 436 4336 nunt,
457 4261 555 4344 quod,
580 4260 694 4327 addita
716 4264 891 4340 ammonia,
917 4264 1031 4328 statim
1054 4270 1231 4348 argentum
1253 4262 1403 4326 reeernit.
