3544 5050
856 543 922 607 393

448 735 498 834 -Ι-
537 737 738 834 Salutio
771 762 1032 857 summere
1063 737 1252 832 tenuis.

368 915 471 980 Misce

421 1027 572 1078 Pulveris
592 1027 754 1091 nummosi
774 1027 925 1098 purtem
946 1040 1057 1078 unum
1085 1064 1373 1080 ........
1444 1021 1456 1078 l

296 1125 299 1130 “
422 1128 532 1190 Aquae
553 1119 739 1196 pertibus
760 1118 1024 1176 undecentum
1045 1161 1373 1178 .........
1421 1118 1459 1174 99

792 1351 993 1360 -------ι

534 1519 734 1616 Soletis
769 1519 1011 1641 llydratis
1045 1519 1250 1613 eeleiei.

768 1697 869 1781 Aque
892 1697 1021 1766 culeis.

372 1840 560 1926 Exstingue

423 1954 528 2018 oxydr
547 1953 658 2007 calciet
679 1955 830 2026 purtem
851 1967 962 2006 unem
968 1990 1377 2007 ...........
1447 1946 1460 2003 l

424 2054 536 2115 Aquae
556 2045 741 2122 pertibus
762 2051 955 2122 quattuor
968 2087 1376 2102 ...........
1445 2043 1463 2100 l

370 2142 502 2228 Sepone
525 2165 585 2229 per
608 2144 710 2208 horae
734 2147 864 2229 purtem
887 2145 1051 2226 quarm,
1076 2140 1195 2206 deinde
1219 2141 1320 2206 misce

425 2257 536 2320 Aquae
557 2248 743 2327 pertibus
764 2251 913 2326 viginti
930 2293 1378 2308 ............
1426 2247 1465 2305 20

370 2347 477 2413 Mixte
500 2348 536 2412 in
558 2348 678 2433 legens
702 2347 822 2426 clause,
847 2347 1041 2432 frequenter
1063 2366 1236 2430 quassans,
1261 2366 1386 2430 sepone
1404 2366 1464 2430 per

328 2454 426 2520 hores
442 2455 638 2532 nonnullas;
663 2454 835 2540 liquorem,
849 2455 1120 2540 suprapositum,
1134 2458 1311 2540 postquem
1324 2453 1462 2532 desedit,

328 2560 484 2626 deiende.

372 2668 566 2734 Sedimento
588 2668 735 2734 edmisee

427 2783 539 2845 squas
561 2782 696 2853 partes
716 2782 922 2834 trecentas
930 2818 1379 2836 ............
1406 2774 1466 2832 300

328 2871 532 2958 Psequenter
560 2894 682 2958 quassu
712 2877 747 2939 et
776 2873 883 2938 mixtu
914 2875 949 2937 in
972 2873 1091 2960 legens
1114 2872 1196 2937 bene
1220 2871 1332 2936 clause
1355 2893 1462 2936 serve.

371 2981 560 3064 Antequam
572 2979 808 3065 dispensentur
819 2981 925 3044 mixte
936 2985 1137 3064 quassentur
1149 2981 1183 3042 et
1191 2977 1461 3061 liquorfiltretur.

374 3083 497 3170 Liquor
520 3086 641 3151 coloris
665 3091 699 3152 et
722 3086 835 3152 odoris
854 3107 983 3172 expers,
996 3084 1174 3151 reectionis
1185 3083 1284 3148 valde
1295 3083 1462 3162 elcelinee‚

329 3190 387 3274 qui
410 3191 572 3257 ebulliens
594 3194 760 3259 turbetur.

374 3294 411 3360 Si
430 3317 489 3381 per
507 3296 715 3364 Solutionem
736 3299 901 3384 Hydretis
920 3299 1034 3365 eeleiei
1054 3299 1268 3364 ebullientem
1279 3295 1464 3383 dioxydum

329 3402 477 3468 cerbonii
496 3402 636 3469 ducetur
658 3404 737 3470 dum
761 3405 1016 3492 praecipitatum
1039 3407 1205 3471 exsistens
1231 3421 1299 3465 non
1322 3405 1465 3489 emplius

328 3512 490 3596 augentur
513 3513 548 3574 et
569 3511 679 3596 liquor
701 3511 821 3578 deinde
843 3513 1032 3590 filtrebitur‚
1057 3511 1188 3578 filtrete
1210 3535 1252 3578 ne
1269 3513 1338 3578 sint
1348 3513 1466 3577 renuti·

330 3615 404 3679 onis
425 3615 584 3681 eleelinae
613 3639 698 3683 neve
729 3618 845 3684 addito
879 3621 1002 3686 nitrete
1037 3621 1189 3706 berytiee
1223 3643 1307 3686 neve
1342 3619 1466 3684 nitrete

331 3722 502 3808 argentino
525 3724 640 3788 stetim
663 3725 850 3791 turbentur.

376 3828 562 3894 Solutionis
603 3830 768 3916 Hydrutis
802 3833 915 3899 eeleiei
949 3834 1144 3898 centimetre
1179 3833 1295 3900 eubiee
1332 3835 1395 3897 100
1429 3840 1468 3898 ut

331 3935 482 4001 neutrius
516 3937 694 4002 reeetionis
728 3938 805 4018 sint,
836 3939 923 4004 eeidi
953 3940 1112 4005 normulis
1134 3927 1330 4005 centimetre
1353 3938 1468 4004 eubiee

332 4064 400 4108 non
424 4043 535 4108 minus
556 4065 656 4128 quem
680 4047 700 4106 4
722 4045 903 4130 requirent.
