3544 5050
835 419 899 482 390

303 613 338 675 in
361 612 479 677 balneo
501 633 606 699 aquae
629 611 753 676 caliace
777 617 819 690 et,
844 611 1051 696 refrigerata,
1076 634 1162 698 aqua
1173 613 1263 677 dilue
1274 613 1316 678 ad
1333 615 1437 678 centi-

304 723 411 784 metrn
440 719 555 784 cubica
580 721 653 797 100,
677 740 761 804 quae
784 719 882 784 filtra.
908 720 1127 785 Filtrntorum
1150 721 1357 786 centimetris
1380 743 1436 786 eu-

302 824 386 890 bicis
410 827 452 889 50
476 825 748 910 permanganatis
771 825 915 910 kalici(l
936 853 969 887 =
989 829 1068 908 200)
1080 828 1437 912 tantum(centimetra

304 933 420 998 cubica
450 932 521 997 fere
552 934 587 1016 4)
615 932 709 1010 adde,
744 937 783 997 ut
813 933 905 998 color
935 934 1036 998 ruber
1060 956 1129 999 non
1152 935 1296 1020 amplius
1320 937 1436 1000 statim

303 1046 489 1116 evanescat,
503 1061 569 1124 quo
581 1040 673 1104 iacto
685 1040 805 1105 leniter
816 1039 940 1105 caliace
953 1040 1033 1104 dum
1045 1041 1136 1105 color
1143 1041 1244 1106 ruber
1252 1043 1436 1107 evanuerit.

304 1147 345 1210 Iu
369 1145 497 1231 liquore
520 1145 720 1231 refrigerato
744 1146 836 1211 solve
859 1147 963 1212 iodeti
986 1147 1087 1212 kalici
1110 1169 1262 1232 gramma
1283 1153 1349 1212 let
1361 1153 1438 1232 post

305 1254 420 1317 horam
435 1257 452 1316 1
467 1253 548 1317 titre
559 1274 619 1338 per
631 1253 862 1319 thiosulfatem
875 1253 1041 1319 natricum
1053 1253 1318 1331 decinormalem‚
1332 1254 1435 1331 cuius,

306 1365 342 1424 ut
364 1359 474 1444 liquor
496 1359 714 1437 decoloretur,
739 1361 937 1426 centimetra
958 1360 1074 1426 cubica
1095 1363 1146 1441 3,l
1168 1361 1390 1447 requirantur.

480 1793 529 1891 -Ι-
562 1795 761 1891 Salutio
796 1796 936 1890 ferri
972 1806 1180 1916 pomata.

632 1992 807 2058 Tinctura
828 1991 935 2060 Ferri
958 1995 1111 2076 pennata.

354 2135 380 2199 E
404 2136 511 2220 pomis
534 2135 648 2212 acidis,
672 2133 871 2213 recentibus,
896 2135 954 2199 vix
976 2135 1117 2200 maturis
1142 2155 1222 2219 para

406 2247 481 2299 1001
501 2249 636 2319 partes
657 2241 764 2299 mille
778 2286 1345 2303 ...............
1365 2242 1441 2299 1000

354 2340 417 2404 His
440 2340 525 2404 adde

406 2453 495 2505 Ferri
522 2453 842 2524 pulveratipartes
864 2447 1014 2522 viginti
1055 2492 1061 2505 .
1095 2491 1101 2506 .
1136 2491 1142 2506 .
1176 2492 1182 2505 .
1215 2491 1223 2505 .
1257 2493 1263 2506 .
1297 2492 1303 2507 .
1337 2491 1343 2506 .
1402 2447 1440 2504 20

352 2547 415 2611 Per
438 2546 509 2610 dies
534 2549 562 2622 2,
587 2546 696 2610 calore
719 2568 787 2609 non
810 2545 971 2622 adhibite,
996 2565 1129 2629 sepone,
1154 2550 1226 2610 tum
1250 2566 1309 2629 per
1326 2544 1397 2608 dies
1419 2547 1438 2604 8

307 2655 429 2738 digere,
457 2673 523 2736 quo
548 2651 638 2716 facto
669 2652 741 2716 cola
767 2656 802 2716 et
824 2651 986 2736 liquorem
1009 2651 1155 2716 colatum
1180 2672 1325 2736 evapora
1349 2651 1436 2728 dum,

309 2758 433 2824 additis

405 2870 546 2935 Spiritus
565 2870 769 2922 cinnamomi
790 2864 976 2941 partibus
997 2885 1062 2923 sex
1098 2908 1345 2926 .......
1424 2865 1440 2922 0

405 2967 554 3031 Liquet-is
574 2968 686 3030 aquosi
719 2962 1352 3040 partibusnonagintaquuttuor
1403 2962 1441 3020 94

307 3061 343 3122 in
377 3059 505 3145 liquore
540 3061 588 3123 ita
614 3064 731 3144 parato
754 3059 831 3124 ferri
857 3063 963 3146 partis
985 3062 1186 3126 centesimae
1208 3060 1356 3126 decimae
1380 3081 1439 3125 sex

309 3168 393 3249 (0,6)
416 3167 531 3230 insint.

353 3273 477 3358 Liquor
500 3273 723 3358 nigroluscus,
747 3275 866 3352 clarus,
889 3274 1134 3359 quodammodo
1157 3274 1287 3359 saporis
1309 3273 1401 3339 ferri.

355 3379 525 3459 Quantum
551 3381 633 3445 insit
656 3381 747 3458 ferri,
770 3381 820 3445 its
843 3381 1020 3445 statuitur:
1046 3380 1245 3447 Commixtie
1258 3379 1442 3445 Solutiouia

308 3485 402 3550 Ferri
425 3492 579 3571 pomatae
602 3488 796 3572 grammatie
822 3489 863 3551 10
886 3492 920 3552 et
942 3488 1029 3553 acidi
1053 3487 1205 3554 sulfurici
1227 3487 1325 3552 diluti
1338 3486 1441 3552 centi-

309 3595 424 3658 metris
447 3593 572 3658 cubicis
597 3596 648 3672 10,
673 3593 844 3659 calefactis
866 3595 902 3658 in
925 3595 1044 3661 balneo
1061 3617 1175 3680 equae,
1190 3593 1343 3660 stillatim
1355 3593 1441 3658 adde

309 3704 441 3765 tantum
464 3702 734 3788 permanganatis
758 3701 857 3766 kalici
881 3704 1067 3787 (1:200),
1091 3706 1130 3766 ut
1148 3701 1240 3766 color
1257 3701 1358 3766 ruber
1372 3722 1439 3764 non

310 3807 452 3894 amplius
484 3809 598 3872 statim
629 3813 824 3887 evanescat;
856 3830 930 3873 cum
965 3809 1103 3893 spiritus
1133 3807 1241 3893 guttis
1271 3806 1441 3871 nonnullis

309 3914 472 3999 liquorem
495 3914 619 3981 caliace
638 3923 677 3983 ut
688 3916 960 4002 permanganatis
979 3915 1080 3980 kalici
1095 3915 1267 4000 quantitas
1280 3913 1442 3979 excedens

310 4021 525 4087 dissolvatur.
556 4023 597 4088 In
618 4023 747 4109 liquore
765 4025 814 4088 ita
833 4027 960 4109 parato,
984 4022 1193 4108 refrigerato,
1218 4021 1322 4088 iodeti
1340 4019 1440 4084 kalici

311 4133 495 4212 grammata
508 4131 526 4192 2
541 4130 631 4194 solve
644 4136 766 4215 etpost
779 4132 895 4195 horam
910 4135 925 4193 1
941 4131 1022 4197 titre
1034 4128 1330 4215 perthioeulfatem
1340 4125 1441 4190 natri-
