3582 5034
859 512 920 574 291

611 704 840 825 oxydum
880 706 1169 799 zincicum.

761 885 887 952 Florus
911 885 1024 952 zinci.

846 1026 935 1091 ZnO.

371 1165 484 1231 Pulvis
506 1168 601 1233 albus
624 1167 678 1231 vel
701 1190 719 1232 e
741 1169 892 1234 subflavo
915 1170 1019 1247 albus,
1045 1168 1270 1246 mollissimus,
1294 1168 1351 1254 qui
1374 1169 1457 1233 cole-

326 1271 434 1337 fectus
468 1273 629 1352 flavescit,
665 1297 763 1359 quem
799 1276 944 1340 colorem
978 1275 1201 1360 refrigescens
1231 1275 1367 1340 emittit.
1414 1274 1456 1338 In

326 1401 410 1464 eque
444 1402 510 1444 non
546 1381 704 1460 solvitu1·;
739 1382 855 1447 addito
888 1382 983 1448 acido
1006 1383 1127 1447 uitrico
1154 1381 1270 1459 diluto,
1295 1382 1457 1466 liquorem

326 1487 462 1570 praebet
485 1487 619 1564 clerum,
644 1487 765 1553 coloris
788 1495 968 1573 expertem.

369 1594 484 1678 Aquae
518 1594 750 1660 centimetrum
784 1595 975 1660 cubicorum
1011 1597 1051 1658 25
1086 1615 1161 1658 cum
1196 1593 1308 1679 Oxydi
1342 1592 1458 1656 zincici

326 1704 510 1783 grammate
548 1704 564 1762 1
600 1721 659 1786 per
693 1702 794 1766 horso
828 1706 957 1786 portem
992 1699 1193 1765 tricesimam
1223 1705 1457 1765 concentorum

326 1805 449 1870 filtrotn
489 1805 634 1871 colorem
676 1808 811 1872 chartae
852 1806 1095 1892 exploratorias
1133 1827 1175 1870 ne
1209 1810 1341 1870 mutent
1374 1826 1458 1869 neve

326 1911 440 1976 addito
474 1913 598 1978 nitrote
629 1914 779 1998 berytico
802 1936 886 1978 neve
909 1913 1032 1978 nitrute
1055 1913 1226 1998 argentino
1249 1912 1456 1997 opulescnnt3

325 2019 524 2083 filtrotorum
548 2021 752 2085 centimetris
771 2020 896 2086 cubicis
910 2024 928 2085 5
941 2020 1139 2106 evaporatio,
1153 2041 1238 2104 quoe
1250 2023 1456 2103 supererunt,

326 2125 504 2209 ponderari
527 2131 702 2210 nequeant.

370 2232 527 2317 Oxydum
551 2232 712 2298 zincicum
735 2254 810 2297 cum
830 2255 916 2318 nquu
940 2237 1133 2297 concoctum
1157 2232 1192 2294 in
1214 2229 1310 2296 acido
1333 2230 1456 2315 hydro-

327 2338 471 2403 chlorico
494 2338 601 2402 diluto
624 2362 692 2403 non
712 2339 764 2404 vel
783 2345 915 2405 tuntum
935 2361 1052 2426 perum
1072 2339 1288 2403 effervescens
1307 2337 1457 2401 solvatur

326 2465 409 2508 neve
431 2444 563 2509 acidum
586 2444 892 2530 hydrosulfuricum
916 2447 1058 2511 emittat.
1091 2445 1215 2530 Liquor
1238 2445 1287 2509 its
1310 2449 1455 2531 perotus,

326 2571 411 2636 equs
434 2551 477 2616 nd
499 2552 696 2617 centimetrs
719 2553 834 2618 cubico
858 2555 899 2617 25
922 2553 1058 2630 dilutus,
1083 2553 1198 2617 addito
1221 2551 1316 2617 acido
1336 2550 1458 2636 hydro-

327 2657 496 2736 snlfurico,
532 2659 675 2744 speciem
706 2681 748 2724 ne
779 2664 895 2724 mutet.
931 2659 1128 2724 Ammonius
1152 2664 1247 2724 tenta
1269 2657 1458 2742 quontitate

326 2765 461 2843 mixtus,
497 2771 535 2830 ut
565 2767 821 2852 praecipitatum
844 2767 936 2852 prius
960 2773 1070 2831 ortum
1094 2767 1241 2830 solutum
1265 2765 1318 2841 sit,
1342 2763 1458 2828 addito

327 2874 505 2937 curbonnte
538 2874 725 2939 emmonico
760 2874 814 2938 vel
847 2875 1032 2959 phosphote
1066 2873 1195 2937 notrico
1222 2893 1264 2935 ne
1287 2871 1456 2948 turbetur3

328 2977 436 3062 liquor
469 2979 726 3057 ammoniacolis,
762 2979 877 3044 addito
912 2980 1007 3044 acido
1030 2978 1309 3065 hydrosulfurico‚
1334 2977 1458 3062 proeci-

328 3084 470 3168 pitetum
494 3106 575 3170 pure
597 3086 710 3150 elbum
732 3086 887 3172 deponet.
914 3087 941 3149 E
965 3087 1161 3162 solutorum,
1187 3083 1458 3169 pernmmoniom

327 3191 504 3256 reontionis
539 3193 698 3256 sicolinae
731 3193 908 3276 factorum,
940 3192 1145 3257 centimetris
1172 3190 1297 3255 cubicis
1321 3193 1340 3254 5
1364 3189 1458 3253 zinco

328 3319 387 3383 per
419 3297 551 3362 acidum
585 3299 893 3384 hydrosulfuricum
927 3303 1066 3378 remoto,
1090 3299 1141 3376 iis,
1165 3296 1310 3382 quoodo
1332 3296 1459 3381 liquore

328 3403 453 3469 filtreto
487 3410 586 3490 etque
621 3413 801 3493 evaporato
835 3406 951 3472 relicto
986 3411 1092 3483 erunt,
1128 3403 1342 3480 candefactis,
1375 3424 1459 3488 quoe

329 3516 536 3596 supererunt,
559 3511 736 3597 ponderari
759 3509 935 3599 nequeunt.

372 3617 442 3681 Gez
476 3618 587 3682 oriens
622 3641 639 3682 e
674 3620 758 3684 zinci
793 3619 904 3684 frusto
937 3623 1095 3704 rongento
1130 3619 1165 3681 in
1200 3615 1312 3701 Oxydi
1343 3615 1458 3680 zincici

328 3745 479 3808 gramma
516 3728 533 3786 1
569 3725 604 3787 in
635 3725 720 3790 acidi
744 3725 896 3791 sulfurici
918 3725 1017 3790 diluti
1039 3724 1244 3789 centimetris
1267 3721 1392 3787 cubicis
1418 3723 1458 3783 10

329 3829 474 3893 solutum
520 3830 671 3894 chortem
705 3830 862 3908 bibulam,
898 3832 1047 3896 chloreto
1077 3830 1319 3917 hydrargyrico
1349 3826 1459 3890 mode·

330 3933 464 4017 factum,
488 3935 608 4000 flnvem
632 3959 674 4000 ne
696 3937 816 4002 reddet
837 3937 927 4002 intre
950 3938 1051 4002 horne
1075 3943 1204 4022 partem
1228 3938 1390 4019 quartum.

795 4185 998 4196 -n—-n-——n-
