3466 5038
863 472 906 531 58

317 666 384 728 300
416 666 451 728 10
486 685 592 750 00000
623 663 830 729 centimetris
868 664 993 728 cubicis
1030 666 1071 728 10
1106 665 1233 746 solute,
1276 667 1445 733 chromate

317 771 427 836 kolico
461 773 575 848 tinctu,
599 775 638 836 ut
660 770 848 848 rubescent,
872 771 1008 835 0100110
1030 773 1193 856 urgentici
1215 771 1445 839 decinormslis

316 879 513 943 centimetre
535 878 652 943 cubica
675 900 717 942 ne
739 879 849 942 minus
872 900 973 963 quum
986 880 1061 955 290
1073 899 1158 944 neve
1170 881 1357 965 plusquam
1370 884 1445 959 293

317 985 498 1070 requirant.

362 1091 557 1156 Brometum
590 1091 765 1168 natricum,
790 1091 910 1156 caloris
933 1092 1041 1178 grudu
1066 1093 1146 1158 100⁰
1171 1093 1341 1170 siccatum,
1366 1115 1446 1179 pon-

315 1197 405 1263 deris
427 1221 469 1263 ne
492 1200 567 1284 plus
590 1220 691 1284 quum
713 1204 826 1283 partes
849 1200 1048 1263 centesimos
1072 1202 1092 1262 5
1115 1199 1260 1265 emittet.

674 1609 1088 1701 Bromoiormum.

361 1785 486 1849 Mixtue
520 1784 645 1870 CHBr³
678 1791 791 1870 partes
822 1787 865 1850 99
896 1791 931 1850 et
953 1785 1124 1849 Alcoholis
1146 1785 1292 1850 absoluti
1314 1807 1391 1870 pers
1416 1790 1444 1848 l.

360 1943 484 2028 Liquor
517 1944 639 2008 coloris
674 1966 802 2028 expers,
838 1944 955 2021 clerus
987 1944 1059 2009 fere
1082 1945 1195 2009 odoris
1218 1943 1443 2020 chloroiormi,

314 2070 452 2133 prorsus
475 2051 631 2128 volatilis,
656 2051 713 2135 qui
735 2073 803 2116 non
826 2050 924 2116 facile
947 2051 1143 2128 exardescit.
1176 2051 1445 2116 Bromoiormum

314 2176 376 2239 pro
410 2157 528 2241 quevis
562 2157 716 2242 portione
750 2157 880 2242 spiritu,
918 2159 1061 2235 aethere,
1097 2159 1179 2224 oleis
1210 2163 1245 2222 et
1266 2158 1445 2243 pinguibus

314 2267 349 2327 et
383 2263 575 2328 volatilibus
608 2263 776 2342 miscetur,
811 2262 847 2327 in
876 2286 963 2349 eque
985 2286 1103 2349 purum
1125 2264 1277 2329 solvitur.
1312 2263 1445 2329 Pondus

314 2370 503 2453 specificum
527 2373 625 2447 2829
648 2371 691 2435 ud
716 2373 823 2448 2831.

360 2477 629 2543 Bromoformum
655 2477 876 2563 refrigescens
899 2499 1055 2563 magnum
1078 2484 1207 2563 partem
1229 2479 1266 2541 in
1287 2476 1446 2562 crystalla

314 2584 453 2662 transit;
477 2585 596 2650 caloris
619 2585 728 2670 grudu
751 2585 826 2670 plus
849 2607 948 2671 quom
972 2588 1042 2662 6,51
1063 2585 1226 2670 liquescit.

358 2691 583 2755 Bromoformi
605 2697 723 2777 guttae
747 2694 767 2755 3
790 2713 858 2756 unc
889 2713 964 2756 cum
983 2692 1162 2757 solutionis
1181 2688 1445 2775 hydrutiskalici

314 2797 514 2882 spirituosee
543 2798 683 2882 (1:10)
712 2798 919 2862 centimetris
950 2798 1075 2862 cubicis
1105 2801 1125 2862 3
1156 2795 1335 2861 celeiectee
1365 2795 1445 2859 dum

313 2905 418 2969 mixto
440 2904 611 2982 ebullient,
631 2904 888 2990 refrigescentes
911 2905 1071 2990 crystalla
1093 2909 1279 2979 secernunt,
1304 2923 1387 2987 0000
1410 2901 1445 2964 10

314 3031 400 3095 uque
430 3011 623 3088 solvuntur;
655 3011 775 3097 quibus
802 3011 930 3087 solutis,
955 3032 1015 3095 per
1035 3010 1167 3075 acidum
1185 3009 1342 3073 uitricum
1360 3007 1446 3072 dilu-

314 3121 386 3182 tum
414 3117 518 3182 ccidis
539 3116 649 3194 iactis,
674 3138 748 3181 cum
771 3116 987 3181 cbloroiormi
1004 3115 1210 3181 centimetris
1228 3115 1352 3180 cubicis
1371 3117 1392 3179 3
1410 3118 1445 3178 et

313 3243 418 3307 cquue
440 3223 609 3288 chlorstee
632 3223 838 3287 centimetris
858 3223 982 3288 cubicis
1003 3227 1022 3286 2
1041 3223 1281 3309 conquassatis,
1302 3227 1444 3286 suetum

313 3329 530 3396 chloroformi
553 3330 697 3395 colorem
721 3330 826 3394 trehit
848 3329 1085 3395 flcvorubrum.

358 3436 593 3502 Bromoformo
616 3458 690 3502 cum
714 3437 801 3501 ccidi
824 3436 977 3501 sullurici
1002 3437 1074 3521 peri
1095 3436 1265 3502 volumine
1283 3455 1444 3520 conques-

313 3548 397 3620 scto‚
432 3548 552 3608 neuter
584 3544 694 3631 liquor
726 3544 817 3608 intra
852 3544 952 3608 horce
986 3548 1115 3628 partem
1148 3548 1279 3608 sextam
1301 3541 1444 3606 colorem

313 3651 427 3714 trehet
450 3650 516 3715 nisi
538 3651 625 3715 clere
648 3651 783 3716 flevum.

359 3756 584 3822 Bromoiormi
607 3757 812 3822 centimetris
835 3757 960 3822 cubicis
985 3760 1026 3821 10
1050 3778 1125 3821 cum
1147 3777 1252 3842 00000
1266 3755 1444 3840 00110010-

313 3862 401 3926 mine
431 3865 671 3949 conquassatis,
703 3885 790 3949 uque
818 3864 953 3940 filtrcte,
976 3863 1094 3929 addito
1114 3860 1441 3949 phenolphthcleino,

313 3974 352 4034 ut
374 3969 537 4047 rubescat,
563 3971 739 4036 solutionis
762 3970 915 4055 hydrutis
939 3969 1041 4035 kelici
1063 3969 1297 4035 decinormulis
1311 3989 1354 4033 ne
1368 3969 1444 4053 plus

313 4097 413 4161 quum
436 4077 625 4141 centimetri
649 4077 756 4141 cubici
778 4077 924 4142 decimos
946 4082 1016 4142 tres
1038 4079 1123 4161 (03)
1144 4075 1302 4161 requiret.

359 4182 628 4249 Bromoformum
649 4184 686 4248 in
709 4184 830 4268 spiritu
852 4185 1006 4268 (1:20)
1025 4185 1180 4260 solutum,
1193 4182 1310 4247 addito
1320 4181 1444 4246 nitrcte
