3584 5026
862 468 925 534 207

328 665 528 743 tumefactis,
552 665 587 728 in
610 664 730 750 quibus
750 662 925 730 scrobiculi
937 663 1082 729 altiores.
1107 663 1458 751 Stomatainutraque

327 779 421 859 parte
443 771 535 850 folii;
558 771 696 838 cellulae
718 770 926 837 includentes
948 770 1149 836 membranis
1173 771 1226 837 hic
1248 771 1315 837 illic
1327 771 1456 858 ligneis,

327 899 392 965 qua
413 901 450 944 re
472 879 508 944 in
527 878 671 964 hydrate
689 877 827 944 chlorali
846 877 982 943 cellulae
993 877 1201 944 includentes
1214 885 1382 944 extremae
1392 879 1458 944 dis-

325 985 439 1051 cedere
473 985 639 1063 videntur,
674 989 709 1050 et
739 985 774 1049 in
797 985 915 1069 spatiis
938 985 1088 1051 cuneatis
1111 984 1160 1051 ita
1181 984 1280 1051 factis
1305 986 1458 1053 bacillum

323 1091 470 1178 ligneum
493 1092 529 1156 in
552 1097 709 1166 errtrcma¹
724 1096 819 1177 parte
832 1089 945 1158 hucac
957 1091 1057 1157 modo
1069 1091 1236 1170 diffusum,
1248 1092 1457 1160 describitur.

324 1199 425 1264 quta
447 1199 643 1266 fasciculum
661 1220 817 1264 vasorum
829 1198 987 1264 loliorum
998 1198 1135 1265 cellulae
1147 1199 1458 1286 perenchymaticae

324 1306 373 1389 (in
385 1305 529 1393 hydrate
540 1305 695 1390 chlorali)
713 1306 925 1392 leptotichae,
938 1305 1150 1372 membranae
1162 1305 1350 1372 tumoribus
1361 1306 1458 1371 valde

324 1413 520 1498 conspicuis,
545 1412 802 1491 columnarihns,
827 1434 1067 1500 nonnunquam
1088 1413 1240 1479 ramosis.
1265 1412 1383 1478 Fibrac
1400 1434 1457 1499 pa·

324 1519 510 1605 chytichae,
546 1520 739 1606 plerumque
773 1541 848 1586 cum
883 1519 1085 1604 epidermide
1114 1521 1321 1586 coniunctae.
1368 1520 1456 1584 Vasa

325 1626 460 1711 spiralia
482 1627 688 1692 tenuissima.
717 1626 836 1692 Fibrae
860 1627 1069 1693 tracheidcae
1092 1632 1219 1704 tenues,
1243 1627 1456 1712 parvisscro-

325 1731 443 1799 biculis
483 1733 681 1819 duplicibus.
727 1733 769 1798 In
813 1734 1071 1819 parenchymate
1114 1733 1261 1820 amylum
1304 1733 1454 1812 multum,

325 1861 430 1924 grana
450 1839 672 1927 chlorcphylli
695 1839 766 1906 fere
789 1861 925 1926 prorsus
948 1840 1099 1925 implens.

370 1946 462 2012 Odor
495 1947 626 2026 herbae,
662 1948 857 2033 praesertim
885 1969 960 2013 cum
982 1948 1176 2026 conteritur,
1198 1946 1294 2013 valde
1318 1947 1457 2013 terebin-

325 2053 511 2132 thinacous;
536 2076 636 2140 sapor
658 2076 801 2134 amarus,
826 2077 911 2120 acer.

370 2160 503 2226 Herbae
533 2149 678 2227 Sabinae
700 2161 810 2247 pulvis
834 2162 1029 2228 combustus
1051 2161 1171 2228 cineris
1194 2183 1236 2226 ne
1259 2162 1455 2248 plusquam

325 2272 436 2351 partes
458 2268 656 2334 centesimas
680 2273 700 2333 8
723 2269 900 2355 relinquat.

652 2594 702 2692 ÷
736 2598 1048 2691 llirutincs.

369 2773 555 2840 Hirudinea
589 2775 866 2860 sanguisuga
888 2773 1168 2841 medicinalis
1192 2775 1274 2839 Sav.
1299 2782 1334 2840 et
1357 2776 1454 2840 San-

324 2881 511 2968 guisuga
544 2881 800 2948 officinalis
835 2882 916 2946 sav.

368 3021 431 3089 Illa
453 3023 625 3107 (hirudo
649 3023 919 3106 Germanica)
942 3027 1018 3088 cute
1041 3021 1285 3109 quodammodo
1298 3044 1452 3109 granoso,

325 3141 418 3216 tergo
460 3130 607 3197 olivacea
647 3135 708 3208 est,
745 3133 764 3196 6
800 3130 891 3195 striis
925 3129 1069 3208 directis,
1105 3129 1320 3214 fuscorubris
1356 3130 1453 3215 nigro

323 3237 513 3316 maculatis3
537 3243 655 3303 venter
678 3260 695 3302 e
717 3237 817 3302 viridi
839 3237 948 3301 flavus
966 3241 1028 3315 est,
1042 3237 1139 3322 nigro
1151 3236 1345 3302 maculatus.
1361 3236 1453 3302 Haec

323 3343 491 3426 (hirudo
515 3343 783 3430 Hungarica)
804 3349 881 3410 cute
903 3344 978 3422 levi,
1003 3343 1039 3408 in
1062 3348 1158 3428 tergo
1182 3342 1283 3408 strias
1305 3341 1450 3420 latiores,

322 3449 429 3516 flavas
452 3451 562 3535 hebet;
586 3457 704 3518 venter
726 3457 778 3516 est
800 3451 921 3517 clarius
944 3451 1069 3528 viridis,
1094 3472 1162 3515 non
1186 3450 1379 3515 maculatus.

368 3556 550 3622 Hirudinea
572 3559 642 3624 sint
663 3557 818 3636 lubricae,
842 3558 956 3643 agiles,
980 3578 1081 3622 manu
1099 3556 1219 3622 leviter
1230 3577 1362 3642 pressae
1374 3578 1453 3620 mox

323 3682 357 3726 se
390 3665 591 3729 contrahant
624 3665 660 3728 in
694 3663 836 3730 formam
868 3664 984 3729 olivae.
1032 3663 1167 3728 Pondus
1191 3663 1236 3729 sit
1257 3663 1452 3748 grammatis

325 3767 407 3832 lad
433 3771 495 3847 2,5,
520 3769 695 3856 longitudo
718 3793 760 3836 ne
783 3771 892 3835 minor
917 3791 1017 3857 quam
1039 3770 1273 3836 centimetrum
1298 3773 1327 3834 5.

368 3874 559 3955 Hirudinea,
593 3899 677 3962 quae
711 3878 907 3964 sanguinem
930 3878 998 3942 iam
1021 3882 1193 3956 suxerunt,
1217 3876 1453 3959 dispensentur

323 3999 389 4044 non
422 3981 516 4061 licet3
551 3984 756 4070 gossypium,
791 3983 887 4049 acido
920 3985 1045 4050 acetico
1079 3983 1186 4049 diluto
1217 3979 1450 4057 madefactum,

324 4103 397 4150 cum
419 4087 462 4152 ad
484 4088 648 4155 hirudinis
671 4090 881 4158 acetabulum
904 4112 1055 4176 pressum
1078 4090 1151 4169 erit,
1176 4111 1218 4154 ne
1240 4087 1405 4153 rubescat.

785 4263 988 4276 ———
