3582 5034
855 474 919 537 315

360 668 619 754 Pyrophosphae
638 667 778 735 ferricus
797 690 873 734 cum
892 667 1021 734 Citrate
1040 668 1228 734 ammonico
1241 667 1321 732 ferri
1334 674 1445 754 partes

315 775 512 839 centesimas
538 777 612 852 l3‚5
635 775 678 840 ad
704 777 745 839 14
767 776 946 854 contineat,
959 775 995 840 id
1011 775 1100 861 quod
1113 776 1160 840 ita
1172 776 1345 841 statuitur:
1359 776 1446 840 Salis

315 903 464 967 gramma
500 886 528 961 1,
565 883 673 947 calore
707 883 866 961 adhibito,
902 883 994 948 solve
1028 883 1064 946 in
1091 882 1177 947 acidi
1201 881 1446 968 hydrochlorici

315 989 519 1053 centimetris
542 988 667 1054 cubicis
693 993 743 1068 10,
768 990 888 1072 solutis
909 989 1330 1076 refrigeratieaddeaquee
1343 991 1446 1054 centi-

316 1101 422 1160 metra
451 1095 566 1160 cubica
590 1098 632 1160 30
656 1102 689 1161 11
711 1097 815 1161 iodeti
837 1097 939 1163 kalici
960 1102 1146 1184 grammata
1170 1100 1206 1174 23
1230 1101 1307 1181 post
1331 1097 1445 1160 horam

319 1205 335 1264 1
359 1203 439 1267 titra
468 1224 528 1288 per
549 1201 780 1269 thiosuifatsm
799 1205 963 1270 natricum
982 1203 1237 1270 decinormalem
1249 1225 1257 1282 ;
1281 1204 1383 1282 cuius,
1411 1211 1447 1269 ut

318 1307 423 1393 liquor
431 1309 648 1388 decoloretur,
658 1311 855 1376 centimetrc
866 1312 981 1377 cubica
996 1314 1068 1390 24‚l
1082 1312 1125 1376 ad
1139 1314 1214 1389 25‚0
1226 1311 1446 1396 requirantur.

361 1416 391 1478 A
415 1416 508 1481 luce
530 1423 726 1482 remotus
750 1423 964 1484 servetur.

776 1621 980 1635 *-

432 1798 482 1896 ÷
517 1802 944 1922 Pyrcphosphas
979 1803 1249 1897 natrices.

725 1979 1031 2068 aeacidae

360 2121 523 2186 Prismata
557 2122 677 2187 coloris
712 2123 870 2208 expertia,
907 2123 1084 2207 perlucida,
1116 2122 1337 2200 monoclinia3
1372 2143 1447 2186 aere

314 2249 380 2292 non
404 2227 574 2306 fatiscunt,
594 2229 703 2294 calore
714 2250 833 2313 aquam
845 2229 1043 2293 exsudantis
1053 2229 1251 2314 liquescunt.
1281 2229 1447 2314 Pyropho·

315 2335 415 2418 sphas
427 2336 576 2400 natricus
599 2336 633 2399 in
645 2357 749 2420 aquae
762 2336 912 2420 partibus
927 2337 1001 2414 12‚3
1013 2336 1164 2412 solvitur,
1190 2335 1225 2399 in
1248 2335 1368 2420 spiritu
1380 2357 1448 2398 non

314 2441 464 2506 solvitur.

359 2548 618 2634 Pyrophosphas
652 2550 799 2614 natricus
834 2547 1004 2614 flammam
1040 2571 1107 2614 uon
1143 2549 1308 2614 lucentem
1332 2549 1446 2614 statim

315 2654 423 2719 colore
459 2655 554 2720 valde
588 2654 680 2720 flavo
702 2657 817 2720 inficit.
848 2655 889 2719 In
916 2677 1002 2740 aqua
1024 2658 1058 2740 (1
1079 2681 1112 2714 z
1131 2658 1188 2738 20)
1218 2656 1347 2720 solutus
1377 2678 1447 2720 rea-

315 2761 435 2826 ctionis
457 2762 576 2827 leviter
598 2763 756 2829 alcalinae
782 2769 851 2841 est;
876 2763 991 2827 addito
1015 2763 1138 2827 nitrate
1157 2762 1339 2846 argentiue,
1353 2783 1447 2847 prae-

314 2867 488 2953 cipitatum
523 2869 635 2934 album
658 2869 814 2956 deponit;
842 2870 940 2934 simul
962 2870 1072 2954 liquor
1094 2869 1246 2934 neutrius
1268 2869 1448 2935 reactionis

314 2975 371 3038 fiat
392 2975 602 3061 (pharphar).
628 2977 886 3061 Praecipitatum
898 2976 933 3039 in
945 2977 1040 3041 acido
1053 2975 1174 3041 uitrico
1187 2981 1220 3040 11
1231 2975 1267 3039 in
1279 2975 1447 3040 ammonia

317 3080 475 3149 solvatur.

361 3187 517 3254 Ceterum
549 3189 808 3275 Pyrophosphas
837 3191 986 3255 natrieus
1010 3189 1115 3253 isdem
1139 3189 1296 3274 puritatis
1318 3187 1448 3273 legibus

317 3294 508 3372 satisfaciat,
532 3296 653 3381 quibus
677 3297 851 3383 Phosphas
874 3297 1032 3362 natricus.

639 3699 805 3791 Radix
837 3697 1120 3792 11111111.

360 3872 499 3938 Radices
516 3873 725 3939 adventiciae
737 3875 917 3940 annotinae
930 3875 984 3938 vel
995 3875 1104 3940 bimae
1118 3875 1171 3939 vel
1182 3873 1278 3938 radix
1290 3872 1447 3958 primaria

315 3979 477 4044 annotina
509 4002 592 4066 quas
626 3982 763 4067 praebat
804 3981 993 4046 Althaea
1035 3979 1301 4058 officinalis,
1344 3979 1444 4042 LINN.

315 4084 371 4170 Sp.
386 4086 432 4150 Pl.
447 4087 497 4152 ed.
511 4088 541 4152 Ι.
554 4089 629 4167 686,
642 4088 742 4154 simul
760 4111 799 4154 ac
821 4090 921 4155 arbor
941 4089 1060 4154 effossa
1073 4093 1133 4166 est,
1145 4087 1293 4164 ramulis,
1306 4085 1445 4162 fibrillis,

316 4197 421 4259 strato
446 4196 609 4260 exteriore
633 4195 766 4261 corticis
790 4201 920 4260 exutae.
