3584 5026
869 546 933 608 250

335 742 369 803 et
403 738 465 802 sub
498 738 597 804 finem
632 739 832 804 reactionem
862 739 959 803 initio
989 740 1218 804 vehementem
1241 740 1463 806 calefaciendo

332 843 462 909 adiuva.
488 845 612 931 Liquor
634 845 682 911 ita
704 851 840 931 paratus
863 845 917 911 fac
936 845 1101 930 subsidas
1115 853 1192 932 post
1204 846 1274 912 dies
1286 848 1463 914 nonnullos

331 951 456 1016 clarum
480 951 606 1017 factum
629 952 775 1018 defunde
799 959 833 1018 et
856 974 999 1038 evapora
1010 953 1090 1018 dum
1101 954 1354 1040 crystallisetur.
1379 954 1463 1042 Cry-

332 1059 430 1124 stalla
452 1059 570 1145 collige
593 1065 626 1125 et
649 1082 764 1146 aquae,
789 1082 848 1146 per
870 1060 1001 1126 acidum
1023 1061 1180 1126 nitricum
1203 1061 1316 1126 acidae
1344 1061 1461 1140 factae,

332 1188 436 1252 parva
459 1169 647 1252 quantitate
670 1168 777 1232 ablue.

378 1282 480 1348 Misce

428 1395 666 1458 crystallorum
687 1393 997 1467 itaparatorum
1019 1397 1171 1468 partem
1192 1411 1304 1449 unam
1332 1437 1338 1451 .
1373 1437 1379 1449 .
1450 1391 1462 1449 l

430 1496 541 1557 Aquae
563 1488 747 1565 partibus
768 1495 960 1564 quattuor
976 1533 1378 1551 ...........
1446 1490 1464 1546 4

331 1583 366 1647 in
390 1585 516 1669 pultem
539 1586 761 1672 aequabilem;
787 1587 873 1651 hanc
895 1586 1028 1651 assidue
1051 1586 1184 1671 agitans
1207 1587 1338 1651 effunde
1362 1587 1397 1650 in

429 1701 540 1764 Aquae
561 1700 747 1752 ebullientis
768 1702 906 1771 partes
927 1695 1078 1770 viginti
1100 1713 1211 1751 unam
1252 1736 1258 1750 .
1292 1739 1298 1752 .
1332 1739 1338 1752 .
1372 1739 1378 1752 .
1427 1693 1462 1751 21

375 1808 460 1875 Cum
483 1811 627 1896 primum
650 1811 904 1897 praecipitatum
927 1809 1124 1887 subsederit,
1144 1809 1307 1894 liquorem
1319 1809 1462 1874 calidum

330 1917 577 2002 superpositum
588 1938 739 1998 remove3
764 1917 1018 2003 praecipitatum
1029 1939 1129 2002 quam
1140 1917 1282 1981 maxime
1294 1939 1353 2002 per
1365 1916 1462 1981 antli-

329 2045 383 2087 am
406 2025 650 2109 pneumaticam
672 2026 800 2111 liquore
823 2023 1018 2088 adhaerenti
1041 2024 1225 2101 liberatum,
1239 2023 1461 2108 nonamplius

330 2130 478 2208 abluens,
503 2131 589 2197 sicca
612 2132 731 2197 caloris
755 2131 862 2218 gradu
886 2134 953 2196 30⁰.

374 2237 488 2303 Pulvis
510 2238 614 2316 albus,
639 2239 964 2324 miorocrystallinus‚
989 2239 1100 2303 odoris
1123 2243 1157 2302 et
1180 2237 1308 2322 saporis
1332 2258 1459 2322 expers,

328 2343 385 2428 qui
417 2345 568 2410 chartam
602 2345 860 2432 exploratoriam
890 2347 1074 2410 caeruleam
1097 2342 1319 2409 madefactam
1342 2343 1459 2409 subru-

330 2450 423 2516 bram
446 2451 565 2518 reddit.

373 2559 490 2624 Nitras
501 2559 721 2625 bismuthicus
729 2559 860 2627 basious
868 2559 1057 2637 calefactus,
1068 2559 1216 2644 oxydum
1225 2557 1461 2623 bismuthicum

328 2665 452 2730 flavum
474 2666 675 2751 relinquens,
700 2688 820 2752 aquam
843 2672 878 2731 et
899 2688 1041 2752 vapores
1065 2666 1211 2730 nitrosos
1235 2665 1369 2729 emittit.

373 2772 517 2838 Nitratis
541 2773 733 2840 bismuthici
756 2773 860 2838 basici
871 2777 1094 2860 grammatum
1108 2776 1127 2836 5
1139 2793 1243 2857 aquae
1255 2769 1459 2836 centimetris

327 2880 452 2946 cubicis
477 2881 517 2946 75
542 2881 722 2947 mixtorum
747 2885 782 2946 et
805 2880 1005 2967 frequenter,
1020 2879 1216 2965 praesertim
1228 2878 1320 2942 horis
1332 2877 1458 2962 primis,

326 2993 569 3074 quassatorum‚
582 3011 642 3074 per
652 2989 753 3052 horas
766 2990 807 3051 24
820 2993 1038 3063 servatorum,
1051 2987 1252 3051 filtratorum
1264 2983 1460 3049 centimetra

325 3095 441 3160 cubica
477 3098 528 3172 50,
560 3102 598 3161 ut
628 3094 779 3160 neutrius
803 3094 981 3160 reactionis
1005 3094 1082 3171 sint,
1108 3092 1204 3158 alcali
1227 3089 1459 3156 decinormalis

326 3201 523 3267 centimetra
544 3202 660 3268 cubica
683 3205 703 3265 8
726 3202 770 3266 ad
796 3205 837 3265 10
860 3201 1041 3287 requirant.

371 3305 516 3371 Nitratis
529 3306 721 3374 bismuthici
734 3308 836 3374 basici
849 3330 954 3394 aquae
965 3307 1154 3394 quantitate
1161 3305 1337 3391 quinquies
1349 3304 1458 3369 decies

327 3418 423 3478 tanta
443 3413 542 3478 mixti
565 3419 609 3492 et,
634 3437 701 3480 non
724 3417 883 3500 quassati,
913 3437 972 3501 per
995 3415 1095 3479 horas
1117 3413 1287 3498 3sep0siti
1300 3411 1459 3498 praecipi-

326 3525 435 3586 tatum
457 3522 642 3587 cohaeserit
663 3543 724 3587 neo
748 3520 845 3588 facile
867 3521 1056 3607 quassando
1080 3519 1185 3584 dividi
1209 3519 1342 3605 poterit.

370 3627 515 3694 Nitratis
537 3629 729 3694 bismuthici
752 3629 855 3694 basici
877 3651 1027 3714 gramma
1053 3632 1068 3691 1
1094 3629 1129 3691 in
1153 3626 1238 3691 acidi
1262 3625 1454 3691 nitricioen·

326 3735 469 3800 timetris
502 3736 627 3802 cubicis
662 3741 681 3801 5
716 3757 784 3800 non
819 3736 1036 3801 effervescens
1066 3736 1217 3800 solvatur
1240 3734 1275 3796 in
1297 3732 1458 3816 liquorem

326 3841 460 3919 clarum,
488 3843 609 3906 coloris
632 3847 810 3928 expertem.
836 3843 990 3928 Liquoris
1012 3842 1061 3906 ita
1083 3840 1202 3926 parati,
1227 3859 1332 3922 aquae
1355 3837 1458 3901 centi-

326 3949 442 4012 metris
475 3948 599 4014 cubicis
635 3953 676 4014 25
711 3949 818 4028 diluti,
854 3950 1050 4014 centimetra
1084 3946 1199 4013 cubica
1234 3948 1319 4009 5ne
1342 3941 1457 4007 addito

324 4055 448 4120 nitrate
471 4056 622 4140 barytico
645 4079 731 4122 neve
753 4057 877 4122 nitrate
901 4057 1072 4142 argentico
1096 4054 1292 4130 turbentur;
1309 4049 1457 4115 eiusdem

324 4162 463 4248 liquoris
496 4163 729 4229 centimetrum
751 4164 943 4230 cubicorum
969 4167 1020 4241 15,
1044 4161 1230 4228 ammoniae
1253 4156 1457 4224 centimetris

325 4269 488 4335 subiciet
512 4269 703 4349 mixtorum,
727 4271 853 4335 filtrata
876 4271 997 4335 coloris
1021 4269 1170 4355 expertia
1193 4267 1278 4343 sint;
1298 4265 1349 4340 iis,
1373 4283 1457 4347 quae
