3530 5026
946 486 988 548 89

444 679 595 746 Chlorcti
606 678 727 744 notrici
739 701 888 764 gramme
902 683 930 753 l,
952 679 1072 744 additis
1084 679 1170 743 acidi
1182 679 1333 743 torturici
1344 683 1529 763 grammme

402 790 419 849 1
443 791 476 852 et
499 808 603 872 equus
626 786 832 852 centimetris
855 786 979 852 cubicis
999 790 1029 863 5,
1049 786 1209 871 liquorem
1222 785 1349 851 clerum
1362 786 1529 870 preebeut.

443 891 637 958 Ghloretum
660 893 822 958 natricum
844 893 880 957 in
903 914 989 978 eque
1006 895 1041 977 (1
1060 918 1094 952 ε
1112 895 1169 974 20)
1180 892 1326 957 solutum
1337 893 1383 958 sit
1393 893 1528 970 clerum,

401 999 518 1065 coloris
541 1021 669 1085 expers,
693 1000 845 1065 neutrius
868 999 1063 1078 reectionis;
1086 1019 1129 1062 ne
1144 999 1287 1084 speciem
1299 1004 1406 1064 mutet
1418 999 1529 1064 addito

399 1104 491 1170 acido
503 1105 774 1190 hydrosulfurico
786 1127 869 1171 neve
882 1105 1114 1190 sulfohydrutc
1126 1105 1312 1171 emmonico
1323 1128 1408 1171 neve
1416 1105 1530 1171 curbo·

399 1216 475 1277 nate
495 1213 626 1278 natrice
649 1235 734 1278 neve
753 1213 881 1300 liquore
892 1213 1041 1278 Nessleri
1052 1234 1135 1278 neve
1147 1213 1271 1278 nitrete
1283 1213 1434 1299 berytico
1446 1234 1530 1278 neve

395 1318 491 1394 ¹acido
515 1318 677 1386 sulfuricc
700 1320 819 1385 diluto.

443 1424 635 1491 Ohloretum
653 1428 829 1505 nutricum,
845 1427 966 1493 coloris
975 1427 1082 1512 gradu
1096 1426 1176 1491 100⁰
1187 1427 1357 1504 siccatum,
1371 1425 1529 1512 ponderis

400 1553 440 1596 ne
461 1532 537 1618 plus
559 1555 658 1619 quam
681 1539 812 1620 purtem
834 1533 1050 1600 centesimum
1075 1538 1092 1599 1
1117 1534 1263 1600 amittet.
1543 1548 1546 1552 ’

861 1813 1065 1824 --———-

577 2018 628 2116 ·l·
661 2019 956 2116 ttloretum
995 2021 1269 2116 zincicum.

910 2215 1026 2304 unct.

442 2387 499 2452 Sul
522 2387 627 2466 albus,
651 2386 831 2452 admodum
854 2387 1126 2473 hygroscopicus,
1150 2386 1374 2472 crystallinus,
1400 2384 1530 2470 soporis

399 2494 586 2581 pungentis,
617 2495 675 2581 qui
698 2493 879 2559 calefactus
902 2493 1065 2581 liquescit.
1090 2491 1286 2559 Chloretum
1310 2492 1470 2558 zincicum
1493 2493 1528 2556 in

396 2622 499 2686 cquae
522 2601 674 2686 pertibus
697 2604 784 2680 0,35,
807 2602 844 2666 in
867 2601 990 2686 spiritu
1011 2591 1110 2665 facile
1132 2598 1285 2666 solvitur.

439 2705 636 2773 Chloretum
666 2707 828 2774 zincicum
856 2708 892 2773 iu
915 2729 1001 2794 cquu
1034 2707 1175 2791 (1:20)
1208 2706 1355 2772 solutum
1378 2706 1528 2770 chortem

395 2815 653 2900 exploratoriem
672 2816 857 2880 caeruleum
871 2813 983 2879 reddit
997 2813 1148 2891 rubram;
1164 2812 1279 2880 addito
1295 2796 1528 2898 sullohydrute

394 2921 589 3000 emmonieo,
617 2922 874 3008 praecipitatum
909 2920 1022 2986 ulbum
1056 2920 1204 3006 deponit,
1239 2918 1329 3006 quod
1363 2919 1398 2983 iu
1419 2915 1527 2983 'ccido

394 3026 650 3112 hydrochlorico
685 3028 842 3107 solvitur;
877 3027 992 3092 addito
1015 3026 1140 3092 uitrutc
1162 3025 1344 3112 argentino,
1368 3025 1528 3111 praecipi·

394 3137 502 3199 tutum
524 3135 638 3200 ulbum
659 3135 809 3222 deponit,
833 3133 923 3222 quod
946 3134 981 3198 in
1006 3133 1173 3198 ammonia
1196 3132 1295 3196 focile
1318 3130 1472 3197 solvitur.

438 3239 635 3306 Oblorctum
669 3242 831 3307 nincicum
866 3243 902 3306 in
935 3261 1021 3327 equo
1054 3240 1195 3324 (1:20)
1229 3239 1377 3304 solutum
1411 3237 1527 3302 eddito

393 3347 517 3412 nitrete
551 3347 704 3433 berytico
738 3370 780 3413 ne
814 3347 976 3425 turbetur,
1012 3367 1106 3423 neve,
1130 3346 1246 3412 addito
1280 3344 1527 3430 dimcthylumi·

393 3451 646 3532 doezobenzolo,
654 3454 819 3532 rubescat,
832 3476 918 3520 neve
929 3453 1051 3520 additis
1063 3452 1149 3518 acidi
1161 3451 1409 3539 hydrochlorici
1420 3451 1527 3536 guttis

393 3558 562 3624 nonnullis
585 3581 643 3644 per
665 3560 797 3625 acidum
820 3559 1127 3646 hydrosulfuricum
1151 3559 1293 3644 speciem
1312 3563 1429 3635 mutet,
1443 3579 1527 3622 neve

394 3666 569 3732 solutionis
604 3667 758 3752 hydrutis
799 3668 920 3732 nutrici
950 3671 1046 3732 tonte
1078 3666 1268 3753 quontitate
1301 3666 1453 3744 mixtum,
1488 3669 1528 3730 ut

392 3773 647 3858 praecipitatum
692 3775 785 3860 prius
819 3779 930 3840 ortum
964 3773 1110 3840 solutum
1144 3773 1198 3850 sit,
1235 3771 1432 3837 calefactum
1466 3793 1528 3856 guz

391 3877 576 3943 ammoniae
598 3879 740 3944 emittet.

436 3982 588 4049 Chlorcti
618 3985 735 4050 zincici
758 3985 1029 4072 milligrummuta
1052 3990 1126 4063 500,
1151 3986 1276 4051 edditis
1298 4005 1403 4070 equae
1426 3985 1527 4050 centi-

392 4091 507 4155 metris
526 4091 652 4158 cubicis
668 4095 710 4157 20
723 4097 757 4158 et
769 4093 955 4157 emmoniae
967 4093 1172 4158 centimetris
1184 4091 1309 4158 cubicis
1322 4095 1351 4170 5,
1364 4091 1526 4176 liquorem

392 4195 526 4276 clerum,
552 4199 675 4264 coloris
699 4203 869 4285 expertem
892 4197 1059 4284 praebeat,
1080 4199 1147 4286 qui,
1167 4197 1337 4262 nesddito
1348 4195 1528 4262 curbonutc
