3466 5038
817 507 858 569 59

270 698 449 782 argentino,
463 719 523 781 per
537 697 639 763 horae
662 705 792 784 partem
814 723 884 766 non
915 701 1024 764 minus
1048 721 1146 784 quam
1159 698 1400 784 sexagesimam

271 803 392 868 olerum
417 805 474 868 sil.

313 910 547 976 Bromoiormo
571 933 645 976 cum
668 913 846 978 solutionis
869 913 1024 999 hydratis
1045 912 1166 978 nutrici
1186 911 1312 977 calidae
1328 912 1400 997 pari

269 1017 436 1082 volumine
458 1023 690 1102 conquassato,
715 1025 834 1085 neuter
856 1019 966 1106 liquor
988 1019 1165 1085 coloretur.

312 1123 584 1189 Bromolormum
618 1147 694 1190 cum
726 1126 903 1192 solutionis
937 1127 1042 1192 iodeli
1067 1126 1168 1191 kalici
1191 1147 1267 1190 cum
1290 1125 1401 1209 amylo

270 1230 340 1316 pari
362 1230 532 1296 volumine
555 1239 796 1318 conquassatum
819 1235 1006 1299 caenuleum
1028 1255 1071 1298 nc
1093 1233 1162 1297 liat.

314 1337 538 1402 Bromoformi
572 1340 768 1405 centimelra
801 1341 917 1406 cubica
952 1341 1030 1405 5in
1054 1339 1173 1405 balneo
1196 1360 1302 1424 aquae
1325 1359 1401 1403 eva-

272 1449 386 1526 porata
408 1445 493 1508 nihil
514 1445 715 1531 relinquant.

313 1587 342 1648 A
372 1584 466 1650 luce
497 1593 707 1652 remotum
739 1596 952 1655 servetur.

365 1711 479 1770 Doses
500 1713 679 1772 maximae
700 1715 861 1790 singulae
882 1715 1215 1790 milligrammatum
1236 1712 1304 1774 500.

366 1809 479 1868 Doses
500 1811 681 1870 maximae
703 1812 739 1870 ln
762 1813 868 1872 horas
890 1813 1033 1872 vicenas
1055 1815 1245 1886 quaternas

405 1913 649 1982 grammaton
672 1909 730 1986 1‚5.

523 2405 574 2503 -Ι-
608 2410 803 2504 Bulbus
846 2408 1062 2505 Scillae.

315 2601 471 2668 Inminae
495 2625 513 2668 e
536 2603 658 2668 tunicis
682 2604 800 2669 mediis
823 2604 916 2669 bulbi
940 2626 1038 2689 quem
1057 2604 1194 2689 praebet
1209 2602 1403 2688 Urginea

274 2707 417 2786 Scilla,
442 2709 587 2775 Srnmn.
611 2711 647 2775 in
670 2712 759 2775 Ann.
791 2711 843 2776 Sc.
868 2711 948 2777 Nat.
973 2710 1102 2776 Secu.
1130 2715 1159 2774 1.
1182 2711 1301 2792 (1834)
1326 2711 1401 2786 321,

272 2821 404 2900 paratae
419 2815 531 2894 bulbo,
547 2817 670 2882 tunicis
686 2819 844 2883 extremis
859 2817 1119 2884 membranaceis
1133 2816 1281 2894 remotis,
1295 2821 1403 2881 trena

270 2942 363 2986 verse
396 2923 433 2986 in
467 2923 565 2987 orbas
598 2931 715 2988 tenues
750 2924 945 2990 dissecando
952 2946 960 3003 ;
995 2924 1090 2989 bulbi
1123 2930 1235 3010 parces
1265 2923 1404 2987 intimae

272 3029 454 3094 reiciendas
477 3036 567 3096 sunl.

315 3188 522 3255 Centimclra
544 3191 587 3255 ad
612 3195 631 3256 5
653 3192 783 3276 longae,
808 3213 939 3256 crassae
961 3191 1152 3255 millimctra
1176 3194 1205 3267 5,
1222 3189 1404 3286 quadratae

271 3297 324 3361 vel
346 3297 474 3382 planae,
498 3320 656 3364 recurvae
675 3299 728 3363 vel
748 3299 822 3384 plus
841 3298 994 3363 minusve
1013 3301 1129 3375 tortae,
1142 3318 1240 3381 saepe
1253 3294 1402 3373 lunatae3

271 3403 306 3468 in
335 3405 467 3470 laminis
497 3407 657 3492 persectis
687 3427 845 3471 vasorum
876 3404 1027 3469 fasciculi
1050 3403 1167 3489 sparsi.
1191 3402 1402 3479 Flavoalbae,

273 3512 552 3597 semiperlucidae.
583 3512 670 3578 Cum
700 3514 805 3578 siccae
836 3517 925 3589 sunl,
958 3532 1106 3588 corneas,
1135 3509 1281 3594 fragiles,
1305 3507 1404 3573 valde

273 3619 544 3706 hygroscopioae3
569 3620 639 3685 aeri
661 3619 833 3705 expositae
855 3639 934 3682 mox
956 3617 1118 3682 flexibiles
1143 3621 1176 3680 cl
1199 3615 1319 3679 lentae.

316 3725 408 3792 Odor
427 3727 554 3806 nullns;
579 3748 679 3812 sapor
700 3744 967 3791 nauseoamarus.

316 3832 441 3900 Bulbus
472 3833 596 3900 Scillae
627 3855 669 3898 ne
692 3833 819 3897 diutius
843 3852 941 3917 quam
965 3851 1068 3894 unum
1091 3850 1215 3894 annum
1238 3831 1391 3892 servetur

318 3972 393 4037 Per
421 3975 586 4040 calcem
617 3973 762 4037 vivam
793 3971 1050 4038 servandus.

734 4216 937 4227 ———----
