3466 5038
815 528 861 594 47·

269 723 411 788 estheris
434 722 641 788 centimelsis
654 722 779 788 cubicis
803 725 845 786 20
868 722 983 800 mixte,
1001 743 1061 808 per
1079 724 1197 788 horem
1217 744 1319 788 unam
1334 723 1400 790 fre-

268 834 407 914 quenter
429 839 464 894 et
486 828 623 894 fortiter
643 834 866 915 conquassato
889 833 933 906 eb,
953 829 1081 913 liquore
1093 830 1249 894 aethereo
1261 835 1399 908 secretu,

269 955 340 1000 cum
369 937 516 1000 selberis
538 936 744 1001 centimetris
770 935 895 1000 cubicis
920 938 961 999 10
984 936 1107 1001 iterum
1129 957 1269 1002 excusso
1292 942 1399 1014 erunt,

267 1063 313 1120 ss,
343 1064 430 1128 quse
460 1064 479 1106 e
508 1041 695 1128 liquoribus
723 1042 889 1106 aethereis
911 1042 1101 1108 commixtis
1131 1043 1322 1128 eveporolis
1345 1064 1399 1107 su-

267 1153 433 1234 pererunt,
463 1149 501 1214 in
525 1149 644 1214 balneo
667 1170 773 1236 equae
796 1148 957 1214 cslefectu
980 1149 1060 1214 dum
1085 1150 1217 1236 pondus
1240 1153 1399 1215 constans

268 1256 320 1334 sil,
342 1256 491 1341 portium
512 1256 770 1322 centesimarum
797 1257 866 1321 sint
885 1278 953 1321 non
971 1257 1083 1321 minus
1106 1278 1207 1343 quem
1228 1259 1270 1322 55
1289 1277 1398 1342 nequo

268 1360 341 1446 plus
364 1383 466 1448 quem
489 1365 532 1427 80
555 1363 712 1448 ponderis
736 1363 883 1428 Belsemi
902 1363 1086 1448 perusioni.
1111 1363 1209 1443 Quod
1227 1363 1399 1428 residuum

267 1467 375 1554 liquor
397 1473 450 1534 est
473 1471 684 1548 aromaticus,
709 1471 870 1548 oleoceus,
895 1492 982 1557 eque
1005 1470 1150 1556 gravior,
1175 1470 1232 1555 qui
1244 1492 1287 1535 ne
1307 1470 1398 1534 ebul-

266 1574 347 1640 liens
380 1575 516 1662 quidem
548 1577 585 1641 in
608 1576 775 1642 solutione
797 1577 950 1663 hydrelis
973 1579 1093 1643 nutrici
1113 1579 1272 1656 solvitur3
1303 1577 1397 1641 cuius

268 1687 362 1765 gutte
396 1687 413 1746 1
445 1683 569 1749 sicum
588 1684 859 1769 permsngonslis
879 1684 979 1748 kelici
1006 1687 1168 1768 (1:10)
1191 1683 1397 1750 centimetris

268 1787 388 1854 cubicis
413 1793 433 1854 5
456 1790 575 1868 colelib,
600 1791 733 1856 exsistit
757 1790 1054 1876 benzoldehydum.

430 2167 480 2266 -Ι-
515 2172 806 2266 Balsamum
840 2173 1147 2267 toletanum.

310 2329 502 2394 Bulsemum
535 2353 553 2394 e
586 2331 691 2416 stirpe
724 2331 901 2396 vulnerabo
934 2331 1064 2396 arboris
1099 2332 1152 2396 cui
1186 2353 1308 2396 nomen
1342 2336 1395 2396 esb

267 2435 528 2522 Myroxylon
558 2437 825 2516 loluiferum,
858 2438 902 2502 H.
917 2439 954 2503 B.
979 2442 1014 2504 et
1036 2439 1079 2503 K.
1092 2437 1180 2503 Nou.
1194 2438 1276 2503 Gen.
1289 2437 1392 2523 etSp.

268 2539 320 2605 VI.
345 2545 411 2609 375
434 2542 614 2628 profluens,
637 2565 713 2609 aere
735 2544 939 2609 induralum.

307 2684 420 2749 Messe
453 2683 558 2763 flisco,
583 2686 786 2771 crystallino,
810 2687 877 2750 ism
900 2686 1031 2751 modico
1055 2687 1164 2751 colore
1187 2687 1391 2778 mollescens

266 2788 394 2856 Siccste
416 2793 452 2855 in
474 2793 646 2877 pulverem
664 2793 946 2880 griseofluvidum
967 2793 1079 2857 odoris
1092 2793 1249 2870 benzoici,
1263 2793 1392 2878 saporis

266 2894 383 2962 leviter
393 2899 568 2963 eromslici
578 2900 706 2964 conteri
719 2905 840 2984 potesb.
854 2900 1045 2964 lessmum
1066 2900 1264 2978 tolutanum,
1278 2899 1391 2984 pnrvis

266 3003 450 3090 quisquiliis
472 3005 630 3090 exceptis,
655 3010 763 3071 lotum
787 3007 930 3071 solvitur
955 3007 992 3070 in
1015 3007 1137 3091 spiritu
1156 3011 1190 3070 el
1208 3007 1245 3071 in
1264 3006 1393 3071 chloro-

265 3107 390 3195 formo;
412 3111 448 3176 in
471 3111 590 3176 sulfido
614 3113 790 3177 corboniso
813 3135 855 3178 ne
878 3112 1031 3178 calefacti
1053 3112 1187 3199 quidem
1199 3114 1274 3198 plus
1293 3133 1393 3198 quom

266 3221 384 3300 quarte
405 3238 483 3302 pers
507 3219 666 3283 solvatur.

725 3427 928 3438 ——-——u—=

335 3576 391 3730 ÷¹
420 3582 712 3676 Balsamum
748 3583 898 3677 Vllac
932 3581 1237 3676 llollmanni.

570 3733 732 3800 lllxturn
753 3733 1093 3802 oleoso-bolsomlco.

309 3836 411 3903 Misce

360 3951 428 4003 01⁸1
447 3951 650 4004 Glnnnmomi
657 3987 1305 4008 .................
1374 3945 1391 3999 5

360 4047 428 4100 Olcl
447 4049 529 4102 oleru
535 4084 1304 4106 ....................
1373 4041 1390 4095 5

360 4145 429 4198 0101
448 4147 656 4201 navandulno
677 4149 813 4220 parles
841 4144 983 4220 quinas
1017 4181 1304 4201 ........
1372 4137 1390 4191 5

361 4244 428 4296 0101
447 4246 736 4312 cmyophyuomm
774 4279 1305 4302 ..............
1372 4232 1391 4288 8
