3582 5034
853 475 918 538 358

627 692 678 790 ÷
711 694 848 816 Sapo
887 693 1072 790 cocos.

366 891 461 956 Adde

419 1002 594 1056 Soluttcnl·
628 1000 787 1065 aymus
817 1001 935 1054 natrlcl
965 995 1148 1073 (pondere
1179 997 1372 1074 specifico

462 1096 561 1170 1,244)
595 1094 708 1154 111οΗ
742 1100 878 1171 partes
912 1095 1148 1153 centesimas
1184 1096 1221 1152 22
1254 1096 1372 1154 eonti-

459 1193 594 1251 nentia
614 1192 800 1270 partibus
822 1199 976 1250 centum
993 1237 1355 1251 ..........
1395 1195 1452 1252 100

418 1297 487 1348 0101
512 1297 607 1350 ὒοοοι
634 1297 769 1368 partes
791 1296 944 1348 centum
953 1334 1356 1350 ...........
1395 1291 1452 1348 100

364 1406 471 1471 Mixto
504 1406 636 1471 assidue
670 1407 803 1492 agitans
826 1406 860 1470 in
884 1407 1003 1471 balneo
1021 1427 1126 1492 aquae
1138 1404 1261 1472 caliace
1274 1405 1354 1470 dum
1378 1411 1450 1472 tota

320 1518 482 1598 saporata
504 1514 582 1578 sint.
628 1514 804 1599 Saponem‚
829 1514 937 1579 calore
959 1513 1121 1592 adhibito,
1145 1512 1237 1578 solve
1260 1513 1294 1577 in

419 1629 529 1688 Aquae
557 1619 742 1698 partibus
769 1619 1081 1698 quadringentis
1106 1663 1354 1684 .......
1392 1621 1450 1678 400

320 1722 363 1795 11,
387 1717 417 1782 ai
439 1739 522 1803 opus
545 1719 618 1796 erit,
643 1717 724 1784 cola.

366 1841 461 1906 Adde

419 1953 560 2006 chlomu
593 1954 711 2005 natrlcl
732 1955 867 2025 partes
888 1953 1044 2005 centum
1063 1949 1361 2024 quinquaginta
1394 1947 1450 2006 150

322 2050 356 2110 11
379 2045 509 2110 assidue
532 2045 664 2130 agitans
687 2044 811 2111 caliace
833 2045 912 2110 dum
935 2067 1016 2131 sapo
1040 2051 1133 2111 totus
1156 2052 1303 2111 secretus
1326 2046 1380 2110 sit.

366 2170 393 2234 E
416 2191 525 2234 massa
543 2169 679 2253 saponis
694 2169 786 2247 dura,
811 2169 1018 2254 refrigerata,
1043 2170 1204 2256 liquorem
1227 2170 1391 2235 inclusum
1414 2174 1448 2233 et

319 2276 553 2342 adhaerentem
575 2275 756 2360 premendo
779 2297 930 2355 remove;
956 2298 1099 2342 massam
1112 2297 1301 2362 expressam
1313 2281 1448 2342 contere

416 2389 528 2452 Δῃιο
548 2382 733 2459 partibus
754 2383 1048 2461 quinquaginta
1066 2427 1353 2445 ........
1411 2383 1449 2440 50

319 2502 385 2567 quo
408 2479 499 2545 facto
523 2481 644 2546 iterum
668 2481 825 2566 exprime.

363 2587 530 2673 Saponem
554 2589 588 2652 in
602 2587 710 2653 frusta
722 2609 826 2673 parva
836 2587 980 2653 divisum
993 2593 1027 2653 et
1039 2589 1105 2653 leni
1118 2589 1226 2654 calore
1239 2588 1398 2652 siccatum
1411 2587 1446 2650 in

319 2693 489 2779 pulverem
513 2694 602 2779 (Bao)
622 2694 747 2779 redige.

362 2799 477 2864 Pulvis
499 2801 604 2876 albus,
629 2801 694 2886 qui,
719 2798 843 2866 additis
866 2802 1047 2887 aquaevel
1071 2803 1209 2887 spiritus
1228 2801 1380 2886 partibus
1395 2803 1444 2877 10,

317 2905 480 2991 liquorem
503 2907 639 2991 praebet
655 2906 901 2992 quodammodo
913 2907 1067 2986 lacteum,
1081 2907 1189 2972 calore
1201 2907 1446 2972 clarescentem.

317 3011 431 3076 Pulvis
454 3013 489 3077 in
512 3035 598 3099 aqua
621 3014 750 3078 solutus
770 3015 986 3079 vehementer
1000 3019 1150 3098 spumat;
1169 3012 1285 3078 addito
1297 3012 1445 3077 chloreto

319 3118 570 3206 hydrargyrico‚
595 3121 849 3207 praecipitatum
873 3143 955 3206 pure
978 3119 1090 3184 album
1112 3119 1269 3203 deponat.

362 3225 451 3310 Sapo
487 3224 595 3291 (locos
629 3226 769 3292 chloreti
804 3228 923 3293 natrici
950 3233 1063 3312 partes
1086 3225 1283 3290 centesimas
1306 3246 1348 3288 ne
1371 3224 1446 3309 plus

316 3353 415 3416 quam
452 3335 471 3394 2
506 3333 686 3410 continuet,
723 3333 756 3396 id
788 3333 878 3419 quod
900 3335 948 3398 ita
971 3333 1148 3398 statuitur:
1174 3331 1316 3417 Saponis
1340 3329 1446 3396 Coeos

318 3439 511 3522 grammatis
536 3441 555 3502 2
580 3439 613 3502 in
636 3461 741 3524 aquae
764 3439 970 3504 centimetris
989 3439 1114 3503 cubicis
1135 3441 1176 3502 50
1197 3437 1325 3515 solutis,
1339 3437 1447 3502 calore

316 3541 478 3620 adhibito,
503 3545 633 3609 acidum
657 3545 815 3610 uitricum
838 3545 981 3611 dilutum
1005 3546 1090 3610 adde
1113 3547 1192 3610 dum
1203 3544 1298 3610 acida
1310 3545 1446 3630 adiposa

317 3655 444 3715 secreta
456 3651 533 3715 sint.
548 3651 655 3741 Mixto
667 3650 865 3738 refrigerata
876 3652 965 3718 filtra
977 3658 1011 3717 et
1022 3652 1147 3716 filtrum
1160 3652 1232 3716 elue
1242 3652 1321 3715 dum
1331 3655 1446 3736 parate

317 3757 386 3821 sint
406 3757 602 3822 centimetra
625 3757 741 3823 cubica
766 3761 838 3823 100.
864 3758 1014 3837 Quorum
1027 3759 1227 3824 filtratorum
1240 3756 1446 3824 centimetris

317 3862 441 3927 cubicis
474 3866 516 3928 50
545 3862 630 3928 adde
655 3865 789 3930 nitratis
811 3866 973 3950 argentiol
995 3865 1227 3930 decinormalis
1250 3863 1446 3930 centimetra

317 3969 431 4033 cubica
467 3972 508 4032 10
532 3973 567 4035 et
590 3971 767 4036 solutionis
790 3971 923 4038 sullatis
946 3970 1246 4038 ammonicoierrici
1277 3975 1445 4035 saturatae

316 4079 431 4159 guttas
455 4077 491 4154 3;
504 4077 635 4163 argenti
648 4079 869 4164 quantitatem
882 4079 1096 4144 excedentem
1108 4100 1167 4164 per
1178 4077 1444 4162 sulloeyanetum

314 4181 538 4248 ammoniam
557 4184 778 4250 decinormale
799 4187 973 4252 retrotitra
995 4187 1076 4252 dum
1099 4187 1190 4252 color
1211 4183 1443 4260 ruberoriens‚
