3530 5026
901 530 943 593 86

365 724 663 822 chitreium
708 726 1476 846 mitterentur-ammonitum.

608 904 810 973 Mercurius
833 904 1094 988 praecipitatus
1117 904 1232 972 albus.

401 1020 501 1086 Solve
553 1091 557 1098 ,

358 1206 365 1219 1
453 1131 595 1182 chloretl
614 1131 842 1196 hydrsrpyrtei
869 1135 1002 1203 partes
1027 1125 1156 1184 decem
1193 1169 1401 1184 ......
1451 1123 1487 1180 10

355 1227 391 1268 m
454 1302 564 1364 Aquae
585 1299 708 1353 oaltdee
733 1295 1127 1372 partibusducentis
1155 1337 1402 1354 .......
1430 1292 1488 1349 200

357 1392 421 1457 His
455 1392 575 1458 solutis
599 1397 642 1470 et,
667 1393 696 1457 si
720 1413 803 1478 opns
820 1393 893 1470 erit,
917 1393 1061 1471 filtratis‚
1086 1392 1217 1458 assidue
1240 1391 1382 1476 agitans,
1406 1411 1486 1475 pau-

355 1499 450 1564 latim
473 1498 557 1564 adde

454 1612 644 1664 ammoniae
671 1611 814 1676 liquidae
845 1607 993 1685 (partes
1021 1607 1103 1664 iere
1131 1605 1341 1681 tredecim).
1376 1647 1383 1662 .
1432 1603 1467 1660 13

355 1707 487 1768 tantum
509 1710 548 1771 ut
570 1705 680 1790 liquor
702 1704 882 1770 reaotionis
903 1702 1024 1770 leviter
1046 1703 1204 1769 aloelinae
1227 1703 1295 1767 fiat.

401 1811 660 1896 Praecipitatum
674 1811 858 1889 collectum,
872 1815 1049 1898 postquam
1062 1810 1171 1896 liquor
1182 1809 1367 1886 defluxerit,
1381 1828 1485 1893 aquae

355 1918 506 2004 partibus
530 1921 550 1983 9
573 1917 679 1996 ablue,
703 1918 860 2002 exprime,
885 1919 958 1983 luce
980 1921 1109 1983 remote
1127 1916 1246 1982 caloris
1257 1916 1364 2001 gradu
1376 1915 1486 1979 minus

355 2047 453 2109 quam
477 2025 536 2089 30⁰
557 2025 652 2102 sicea,
677 2024 819 2110 deniqne
841 2029 985 2090 contere.

401 2132 514 2196 Pulvis
548 2131 652 2210 albus,
684 2132 874 2216 amorphus,
899 2132 956 2217 qui
978 2129 1167 2208 calefactus,
1192 2135 1270 2194 ante
1292 2151 1361 2194 non
1383 2128 1486 2215 lique-

355 2258 459 2316 scens,
483 2259 624 2323 vapores
647 2237 826 2302 reaetionis
849 2237 1008 2302 aloalinae
1030 2237 1196 2316 emittens,
1221 2241 1314 2303 totus
1338 2235 1486 2302 volatilis

354 2345 401 2423 fit,
426 2345 461 2409 in
483 2367 569 2431 aqua
591 2344 662 2409 fere
685 2365 753 2408 non
776 2345 927 2409 solvitur.

400 2450 595 2517 Chloretum
619 2451 1107 2538 hydrargyrieo-ammonieum,
1121 2451 1236 2516 addite
1247 2450 1412 2517 solutione
1424 2450 1485 2533 hy-

354 2558 460 2623 dratis
472 2558 601 2636 astrici,
615 2556 813 2624 calefactum
825 2579 888 2642 gaz
899 2559 1084 2623 ammoniae
1095 2558 1229 2636 emittit,
1243 2557 1323 2622 dnm
1336 2556 1484 2642 oxydum

354 2665 632 2750 hydrargyrienm
655 2665 847 2730 secernitur.
873 2665 965 2744 Quae
987 2665 1113 2729 filtrata
1135 2666 1165 2730 si
1176 2687 1235 2750 per
1246 2664 1377 2730 acidum
1389 2664 1484 2728 nitri-

354 2792 430 2835 eum
441 2771 535 2836 aeide
546 2771 638 2836 faeta
649 2776 756 2848 erunt,
770 2771 886 2836 addito
898 2773 1021 2837 nitrete
1033 2773 1214 2856 argentino,
1228 2771 1484 2857 praecipitatum

354 2878 466 2943 album
489 2878 683 2963 deponetur,
706 2878 796 2963 quod
818 2879 855 2943 in
878 2879 1044 2944 ammonia
1067 2878 1164 2944 facile
1187 2879 1338 2944 solvitur.

400 2982 596 3049 Chloretum
627 2984 1118 3070 hydrargyrico-ammonioum,
1142 2985 1250 3050 calore
1274 2983 1434 3060 adhibito,
1448 2983 1484 3047 in

354 3090 448 3155 acido
471 3091 605 3168 aretino,
630 3112 698 3155 non
722 3091 949 3176 effervescens,
975 3095 1084 3156 totum
1106 3090 1266 3157 solvatur.

400 3199 430 3262 A
453 3198 546 3264 luae
570 3203 780 3263 remotum
802 3203 1015 3264 servetur.

820 3414 1022 3423 m

530 3564 826 3661 chitreium
861 3565 1309 3686 hydraruyrieum.

584 3743 785 3811 Hortarius
808 3743 1023 3812 sublimatus
1047 3744 1262 3813 eorrosiras.

859 3885 983 3973 HgCt.

399 4025 567 4111 Orystalla
589 4028 710 4094 eoloris
733 4029 891 4113 expertia,
908 4029 1024 4108 nitida,
1037 4030 1162 4115 gravia,
1175 4029 1343 4108 rhombea,
1356 4029 1485 4114 saporis

353 4133 448 4210 aeris,
473 4155 556 4218 quae
579 4133 739 4200 calefactu
757 4135 952 4221 liquescunt,
966 4158 1032 4223 quo
1043 4136 1143 4215 fanto,
1157 4137 1241 4200 nihil
1251 4133 1483 4220 relinquentia,

353 4241 389 4304 in
418 4239 633 4306 sublimatum
656 4243 777 4320 album,
802 4244 1032 4328 crystallinum
1057 4248 1241 4309 transeunt.
1288 4242 1484 4309 Chloretum
