3582 5034
900 514 965 576 324

366 729 465 794 saepe
505 709 541 772 in
575 707 748 773 ordinibus
783 708 920 793 positas,
956 708 1125 774 interdum
1161 707 1283 786 fuscae,
1319 730 1388 773 non
1420 731 1497 773 raro

366 816 477 900 amylo
511 814 641 880 tumido
675 816 729 878 vel
761 836 831 879 non
866 815 995 880 tumido
1030 815 1194 899 impletae.
1254 816 1371 880 Partes
1401 816 1500 881 strati

367 921 525 1000 suberosi,
561 922 746 987 constantis
779 922 906 987 cellulis
940 923 1199 1008 quinquangulis
1222 923 1264 987 ad
1288 923 1498 1008 sexangulas,

365 1029 610 1115 quodammodo
619 1030 772 1107 extentis,
780 1030 982 1095 membranis
991 1029 1206 1095 rubroiuscis.
1215 1030 1336 1094 Frusta
1344 1051 1499 1094 vasorum

368 1137 673 1214 scrobiculatorum,
698 1136 865 1201 interdum
889 1159 971 1202 vasa
993 1137 1132 1201 scalaria
1155 1136 1208 1200 vel
1231 1137 1378 1221 spiralia.
1414 1137 1499 1201 Stel-

367 1244 454 1309 lulae
488 1266 506 1307 e
540 1244 717 1329 crystallis.
765 1241 911 1309 Oellulae
946 1244 1280 1328 solerenchymaticae
1310 1243 1498 1321 nonnullae,

369 1350 570 1415 membranis
605 1370 672 1413 non
707 1350 804 1414 valde
827 1349 1027 1426 tumefactis,
1053 1349 1259 1428 subflavidis,
1284 1351 1401 1414 stratis
1423 1371 1500 1414 con·

369 1457 501 1542 spicuis,
527 1455 719 1521 scrobiculis
742 1455 926 1521 altioribus.

413 1562 505 1628 Odor
529 1563 701 1648 proprius;
727 1585 826 1648 sapor
849 1563 941 1647 prius
964 1562 1088 1640 fatuus,
1113 1566 1231 1649 postea
1254 1584 1339 1628 acer.

414 1669 523 1734 Radix
556 1669 691 1754 lalapae
724 1670 853 1734 resinae
881 1669 1052 1734 contineat
1076 1674 1188 1754 partes
1211 1670 1411 1734 centesimas
1432 1690 1501 1733 non

368 1777 479 1842 minus
502 1798 602 1862 quam
615 1781 645 1840 8.
671 1777 841 1856 Quantum
857 1777 948 1854 insit,
961 1776 1011 1840 ita
1023 1777 1200 1841 statuitur:
1221 1776 1355 1841 Radicis
1366 1776 1502 1860 Ialapue

370 1884 517 1968 pulveris
539 1885 582 1967 (Β
594 1887 637 1969 4ο)
660 1889 848 1969 grammata
866 1887 972 1949 icum
985 1884 1122 1969 spiritus
1134 1883 1286 1948 fortioris
1298 1883 1502 1949 centimetris

370 1991 494 2056 cubicis
519 1993 560 2054 20
583 2013 643 2076 per
667 1992 781 2055 horam
804 2012 905 2055 unam
928 2012 1003 2055 cum
1026 1990 1162 2055 dimidia
1185 2011 1259 2055 cum
1283 1989 1502 2054 restillatione

370 2118 546 2183 concoque,
581 2097 780 2182 refrigerata
810 2097 852 2161 ad
882 2097 1013 2182 pondus
1042 2098 1135 2183 prius
1165 2103 1263 2163 aucta
1293 2098 1392 2173 filtra,
1423 2118 1503 2161 cura

371 2204 487 2268 habita
520 2210 558 2269 ut
592 2225 691 2289 quam
725 2204 897 2268 minimum
922 2209 1131 2289 evaporatur.
1161 2204 1379 2269 Filtratorum
1401 2203 1503 2270 centi-

371 2315 477 2375 metra
504 2309 620 2375 cubica
645 2313 686 2374 15
709 2310 744 2373 in
768 2311 886 2374 balneo
909 2331 1013 2396 aquae
1036 2310 1115 2374 dum
1139 2311 1225 2376 sicca
1248 2310 1318 2375 sint
1340 2329 1501 2394 evapora3

371 2437 456 2501 quae
479 2421 687 2500 supererunt,
712 2437 817 2501 aquae
840 2416 966 2481 calidae
985 2417 1191 2481 centimetris
1202 2417 1327 2482 cubicis
1341 2420 1382 2480 10
1405 2417 1503 2482 ablue

373 2528 407 2587 ct
436 2522 556 2588 caloris
587 2522 694 2608 gradu
727 2524 806 2586 105⁰
836 2523 931 2588 sicca.
969 2524 1103 2588 Pondus
1134 2525 1264 2589 resinae
1296 2525 1430 2589 relictae
1461 2546 1503 2588 ne

374 2630 483 2694 minus
506 2630 551 2694 sit
573 2651 672 2714 quam
695 2629 1001 2715 milligrammatum
1027 2632 1100 2695 120.

836 2859 1038 2871 ——nn—

661 3039 826 3131 Radix
862 3037 1215 3158 liquiriiiae.

421 3215 561 3280 Suboles
597 3217 787 3301 hypogaeae
822 3221 855 3281 et
885 3216 1012 3281 radices
1042 3239 1125 3302 quas
1156 3217 1292 3302 praebet
1323 3219 1505 3303 Glycyr-

377 3321 498 3387 rhina
528 3322 688 3408 glabra,
721 3323 821 3387 LINN.
854 3323 911 3409 Sp.
944 3324 991 3387 Pl.
1018 3324 1397 3409 reintegrabat
1419 3345 1504 3388 var.

378 3429 600 3514 glandulis
608 3451 686 3506 cra,
712 3429 872 3493 WALDST.
890 3435 923 3494 et
936 3429 1013 3508 ΚΙΤ,
1028 3431 1075 3495 Pl.
1089 3431 1165 3494 Rar.
1179 3433 1293 3518 Hung.
1307 3432 1333 3496 I.
1349 3435 1401 3496 20.
1414 3441 1439 3496 t.
1454 3434 1505 3495 21.

423 3589 544 3652 Frusta
567 3588 745 3654 decimetra
770 3593 789 3652 5
813 3589 855 3653 ad
881 3593 922 3653 10
944 3590 1054 3674 longa,
1079 3611 1189 3655 crassa
1212 3591 1402 3658 millimetra
1426 3595 1445 3656 5
1465 3590 1507 3656 ad

380 3697 432 3772 25,
452 3695 566 3774 solida,
588 3696 724 3775 tenacia,
738 3697 864 3782 gravia,
877 3697 1067 3782 cylindrica‚
1081 3699 1274 3784 plerumque
1286 3721 1354 3764 non
1365 3721 1506 3764 ramosa.

379 3803 576 3887 Superficies
595 3825 654 3887 per
672 3803 916 3889 longitudinem
935 3826 1066 3889 rugosa,
1082 3805 1289 3884 rubrofusca,
1302 3806 1415 3871 multis
1427 3805 1508 3870 locis

379 3909 520 3973 lamellis
543 3909 707 3987 tenuibus,
732 3909 947 3994 griseofuscis
975 3911 1058 3976 telae
1073 3911 1236 3977 detrusae.
1261 3913 1358 3979 Intus
1371 3912 1509 3978 obscure

381 4015 476 4093 flava,
510 4015 658 4080 fractura
692 4038 807 4101 grossa
830 4017 960 4096 fibrosa,
986 4024 1174 4084 transverse
1196 4025 1347 4105 per-secta
1368 4017 1508 4084 radiata.

381 4121 521 4187 Suboles
544 4124 689 4188 medulla
712 4125 924 4204 subobscura,
949 4127 1081 4191 sordide
1098 4127 1214 4212 grisea,
1239 4148 1337 4213 saepe
1348 4126 1509 4213 argillosa

382 4230 551 4315 praeditae
573 4237 662 4297 sunt.
