<?xml version="1.0" encoding="UTF-8"?>
<!DOCTYPE html PUBLIC "-//W3C//DTD XHTML 1.0 Transitional//EN"
    "http://www.w3.org/TR/xhtml1/DTD/xhtml1-transitional.dtd">
<html xmlns="http://www.w3.org/1999/xhtml" xml:lang="en" lang="en">
 <head>
  <title>
</title>
<meta http-equiv="Content-Type" content="text/html;charset=utf-8" />
  <meta name='ocr-system' content='tesseract 3.04.00' />
  <meta name='ocr-capabilities' content='ocr_page ocr_carea ocr_par ocr_line ocrx_word'/>
</head>
<body>
  <div class='ocr_page' id='page_1' title='image "./pharmocopoeaned00zakegoog_0036.png"; bbox 0 0 3466 5038; ppageno 0'>
   <div class='ocr_carea' id='block_1_1' title="bbox 828 503 846 564">
    <p class='ocr_par' dir='ltr' id='par_1_1' title="bbox 828 503 846 564">
     <span class='ocr_line' id='line_1_1' title="bbox 828 503 846 564; baseline 0 0"><span class='ocrx_word' id='word_1_1' title='bbox 828 503 846 564; x_wconf 89' lang='lat'>5</span> 
     </span>
    </p>
   </div>
   <div class='ocr_carea' id='block_1_2' title="bbox 264 693 1401 2593">
    <p class='ocr_par' dir='ltr' id='par_1_2' title="bbox 265 693 1400 1312">
     <span class='ocr_line' id='line_1_2' title="bbox 308 693 1399 780; baseline 0.002 -22"><span class='ocrx_word' id='word_1_2' title='bbox 308 693 572 760; x_wconf 73' lang='lat' dir='ltr'><strong>Acctotartratis</strong></span> <span class='ocrx_word' id='word_1_3' title='bbox 605 693 773 758; x_wconf 88' lang='lat' dir='ltr'><strong>aluminici</strong></span> <span class='ocrx_word' id='word_1_4' title='bbox 807 693 1086 778; x_wconf 87' lang='lat' dir='ltr'><strong>milligrammatis</strong></span> <span class='ocrx_word' id='word_1_5' title='bbox 1125 696 1189 758; x_wconf 88' lang='grc'><strong>500</strong></span> <span class='ocrx_word' id='word_1_6' title='bbox 1223 695 1259 758; x_wconf 88' lang='lat' dir='ltr'><strong>in</strong></span> <span class='ocrx_word' id='word_1_7' title='bbox 1293 717 1399 780; x_wconf 84' lang='lat' dir='ltr'><strong>aquae</strong></span> 
     </span>
     <span class='ocr_line' id='line_1_3' title="bbox 266 799 1399 887; baseline 0.003 -23"><span class='ocrx_word' id='word_1_8' title='bbox 266 800 471 865; x_wconf 86' lang='lat' dir='ltr'><strong>centimetris</strong></span> <span class='ocrx_word' id='word_1_9' title='bbox 496 799 620 864; x_wconf 80' lang='lat' dir='ltr'><strong>cubicis</strong></span> <span class='ocrx_word' id='word_1_10' title='bbox 644 805 663 864; x_wconf 90' lang='lat'><strong>5</strong></span> <span class='ocrx_word' id='word_1_11' title='bbox 686 801 805 865; x_wconf 90' lang='lat' dir='ltr'><strong>solutis</strong></span> <span class='ocrx_word' id='word_1_12' title='bbox 830 801 857 864; x_wconf 91' lang='lat' dir='ltr'><strong>si</strong></span> <span class='ocrx_word' id='word_1_13' title='bbox 878 801 1068 866; x_wconf 88' lang='lat' dir='ltr'><strong>carbonatis</strong></span> <span class='ocrx_word' id='word_1_14' title='bbox 1089 801 1188 866; x_wconf 89' lang='lat' dir='ltr'><strong>kalici</strong></span> <span class='ocrx_word' id='word_1_15' title='bbox 1208 801 1399 887; x_wconf 85' lang='lat' dir='ltr'><strong>milligrsm·</strong></span> 
     </span>
     <span class='ocr_line' id='line_1_4' title="bbox 267 907 1400 993; baseline 0.004 -23"><span class='ocrx_word' id='word_1_16' title='bbox 267 914 354 972; x_wconf 86' lang='lat' dir='ltr'><strong>mata</strong></span> <span class='ocrx_word' id='word_1_17' title='bbox 378 910 444 972; x_wconf 83' lang='grc'><strong>000</strong></span> <span class='ocrx_word' id='word_1_18' title='bbox 469 907 586 972; x_wconf 90' lang='lat' dir='ltr'><strong>addita</strong></span> <span class='ocrx_word' id='word_1_19' title='bbox 613 913 645 971; x_wconf 85' lang='lat' dir='ltr'><strong>ct</strong></span> <span class='ocrx_word' id='word_1_20' title='bbox 665 909 778 983; x_wconf 84' lang='lat' dir='ltr'><strong>mixta,</strong></span> <span class='ocrx_word' id='word_1_21' title='bbox 793 914 969 992; x_wconf 80' lang='lat' dir='ltr'><strong>postquam</strong></span> <span class='ocrx_word' id='word_1_22' title='bbox 982 929 1040 992; x_wconf 85' lang='lat' dir='ltr'><strong>per</strong></span> <span class='ocrx_word' id='word_1_23' title='bbox 1052 909 1153 973; x_wconf 88' lang='lat' dir='ltr'><strong>horae</strong></span> <span class='ocrx_word' id='word_1_24' title='bbox 1165 913 1293 993; x_wconf 87' lang='lat' dir='ltr'><strong>partam</strong></span> <span class='ocrx_word' id='word_1_25' title='bbox 1306 931 1400 974; x_wconf 85' lang='lat' dir='ltr'><strong>sexa-</strong></span> 
     </span>
     <span class='ocr_line' id='line_1_5' title="bbox 266 1013 1400 1099; baseline 0.002 -22"><span class='ocrx_word' id='word_1_26' title='bbox 266 1014 425 1097; x_wconf 77' lang='lat' dir='ltr'><strong>gesimam</strong></span> <span class='ocrx_word' id='word_1_27' title='bbox 450 1013 672 1089; x_wconf 83' lang='lat' dir='ltr'><strong>cbullivcrint‚</strong></span> <span class='ocrx_word' id='word_1_28' title='bbox 690 1013 815 1077; x_wconf 85' lang='lat' dir='ltr'><strong>filtrata</strong></span> <span class='ocrx_word' id='word_1_29' title='bbox 827 1019 934 1090; x_wconf 87' lang='lat' dir='ltr'><strong>erunt,</strong></span> <span class='ocrx_word' id='word_1_30' title='bbox 948 1014 1082 1078; x_wconf 84' lang='lat' dir='ltr'><strong>filtrstis</strong></span> <span class='ocrx_word' id='word_1_31' title='bbox 1094 1013 1302 1099; x_wconf 85' lang='lat' dir='ltr'><strong>refrigeratis</strong></span> <span class='ocrx_word' id='word_1_32' title='bbox 1314 1015 1400 1081; x_wconf 80' lang='lat' dir='ltr'><strong>acidi</strong></span> 
     </span>
     <span class='ocr_line' id='line_1_6' title="bbox 266 1120 1399 1207; baseline 0.003 -23"><span class='ocrx_word' id='word_1_33' title='bbox 266 1121 382 1184; x_wconf 88' lang='lat' dir='ltr'><strong>acetici</strong></span> <span class='ocrx_word' id='word_1_34' title='bbox 401 1120 608 1185; x_wconf 81' lang='lat' dir='ltr'><strong>centimetris</strong></span> <span class='ocrx_word' id='word_1_35' title='bbox 627 1120 751 1184; x_wconf 84' lang='lat' dir='ltr'><strong>cubicis</strong></span> <span class='ocrx_word' id='word_1_36' title='bbox 765 1123 783 1183; x_wconf 82' lang='lat'><strong>2</strong></span> <span class='ocrx_word' id='word_1_37' title='bbox 799 1121 912 1184; x_wconf 78' lang='lat' dir='ltr'><strong>mixtis</strong></span> <span class='ocrx_word' id='word_1_38' title='bbox 926 1125 959 1184; x_wconf 89' lang='lat' dir='ltr'><strong>et</strong></span> <span class='ocrx_word' id='word_1_39' title='bbox 972 1121 1105 1186; x_wconf 83' lang='lat' dir='ltr'><strong>fortiter</strong></span> <span class='ocrx_word' id='word_1_40' title='bbox 1117 1123 1292 1207; x_wconf 88' lang='lat' dir='ltr'><strong>quassatis,</strong></span> <span class='ocrx_word' id='word_1_41' title='bbox 1306 1143 1399 1207; x_wconf 85' lang='lat' dir='ltr'><strong>prae-</strong></span> 
     </span>
     <span class='ocr_line' id='line_1_7' title="bbox 265 1226 914 1312; baseline 0.003 -22"><span class='ocrx_word' id='word_1_42' title='bbox 265 1226 441 1311; x_wconf 82' lang='lat' dir='ltr'><strong>cipitatum</strong></span> <span class='ocrx_word' id='word_1_43' title='bbox 464 1228 697 1311; x_wconf 86' lang='lat' dir='ltr'><strong>crystallinum</strong></span> <span class='ocrx_word' id='word_1_44' title='bbox 719 1227 914 1312; x_wconf 87' lang='lat' dir='ltr'><strong>deponetur.</strong></span> 
     </span>
    </p>

    <p class='ocr_par' dir='ltr' id='par_1_3' title="bbox 265 1334 1399 1720">
     <span class='ocr_line' id='line_1_8' title="bbox 312 1334 1399 1412; baseline 0.005 -16"><span class='ocrx_word' id='word_1_45' title='bbox 312 1335 542 1397; x_wconf 84' lang='lat' dir='ltr'><strong>Acctotartras</strong></span> <span class='ocrx_word' id='word_1_46' title='bbox 573 1334 769 1398; x_wconf 88' lang='lat' dir='ltr'><strong>aluminicus</strong></span> <span class='ocrx_word' id='word_1_47' title='bbox 811 1335 839 1398; x_wconf 92' lang='lat' dir='ltr'><strong>si</strong></span> <span class='ocrx_word' id='word_1_48' title='bbox 879 1335 996 1412; x_wconf 86' lang='lat' dir='ltr'><strong>calefit,</strong></span> <span class='ocrx_word' id='word_1_49' title='bbox 1038 1335 1234 1400; x_wconf 74' lang='lat' dir='ltr'><strong>dissolvitur</strong></span> <span class='ocrx_word' id='word_1_50' title='bbox 1268 1336 1399 1402; x_wconf 87' lang='lat' dir='ltr'><strong>acidum</strong></span> 
     </span>
     <span class='ocr_line' id='line_1_9' title="bbox 265 1440 1398 1527; baseline 0.003 -24"><span class='ocrx_word' id='word_1_51' title='bbox 265 1440 428 1504; x_wconf 85' lang='lat' dir='ltr'><strong>aceticum</strong></span> <span class='ocrx_word' id='word_1_52' title='bbox 459 1441 616 1504; x_wconf 85' lang='lat' dir='ltr'><strong>emittens</strong></span> <span class='ocrx_word' id='word_1_53' title='bbox 643 1445 678 1504; x_wconf 86' lang='lat' dir='ltr'><strong>et</strong></span> <span class='ocrx_word' id='word_1_54' title='bbox 701 1441 836 1504; x_wconf 90' lang='lat' dir='ltr'><strong>odorem</strong></span> <span class='ocrx_word' id='word_1_55' title='bbox 860 1463 1021 1526; x_wconf 84' lang='lat' dir='ltr'><strong>spargens</strong></span> <span class='ocrx_word' id='word_1_56' title='bbox 1045 1442 1152 1527; x_wconf 87' lang='lat' dir='ltr'><strong>qualis</strong></span> <span class='ocrx_word' id='word_1_57' title='bbox 1176 1448 1228 1508; x_wconf 91' lang='lat' dir='ltr'><strong>cst</strong></span> <span class='ocrx_word' id='word_1_58' title='bbox 1251 1443 1398 1508; x_wconf 85' lang='lat' dir='ltr'><strong>sacchari</strong></span> 
     </span>
     <span class='ocr_line' id='line_1_10' title="bbox 267 1547 1399 1634; baseline 0.004 -24"><span class='ocrx_word' id='word_1_59' title='bbox 267 1547 359 1622; x_wconf 85' lang='lat' dir='ltr'><strong>tosti,</strong></span> <span class='ocrx_word' id='word_1_60' title='bbox 395 1547 504 1610; x_wconf 88' lang='lat' dir='ltr'><strong>cinere</strong></span> <span class='ocrx_word' id='word_1_61' title='bbox 539 1547 681 1610; x_wconf 85' lang='lat' dir='ltr'><strong>carbone</strong></span> <span class='ocrx_word' id='word_1_62' title='bbox 716 1549 822 1612; x_wconf 79' lang='lat' dir='ltr'><strong>mixto</strong></span> <span class='ocrx_word' id='word_1_63' title='bbox 845 1548 970 1625; x_wconf 86' lang='lat' dir='ltr'><strong>relicto,</strong></span> <span class='ocrx_word' id='word_1_64' title='bbox 996 1550 1052 1633; x_wconf 93' lang='lat' dir='ltr'><strong>qui</strong></span> <span class='ocrx_word' id='word_1_65' title='bbox 1076 1550 1225 1614; x_wconf 87' lang='lat' dir='ltr'><strong>chartam</strong></span> <span class='ocrx_word' id='word_1_66' title='bbox 1249 1550 1399 1634; x_wconf 82' lang='lat' dir='ltr'><strong>explora·</strong></span> 
     </span>
     <span class='ocr_line' id='line_1_11' title="bbox 265 1653 967 1720; baseline 0.004 -4"><span class='ocrx_word' id='word_1_67' title='bbox 265 1654 388 1717; x_wconf 87' lang='lat' dir='ltr'><strong>torism</strong></span> <span class='ocrx_word' id='word_1_68' title='bbox 411 1653 546 1717; x_wconf 88' lang='lat' dir='ltr'><strong>rubram</strong></span> <span class='ocrx_word' id='word_1_69' title='bbox 570 1675 611 1717; x_wconf 90' lang='lat' dir='ltr'><strong>nc</strong></span> <span class='ocrx_word' id='word_1_70' title='bbox 633 1654 752 1718; x_wconf 86' lang='lat' dir='ltr'><strong>reddat</strong></span> <span class='ocrx_word' id='word_1_71' title='bbox 774 1655 967 1720; x_wconf 84' lang='lat' dir='ltr'><strong>caeruleam.</strong></span> 
     </span>
    </p>

    <p class='ocr_par' dir='ltr' id='par_1_4' title="bbox 265 1761 1401 2382">
     <span class='ocr_line' id='line_1_12' title="bbox 312 1761 1397 1846; baseline 0.003 -22"><span class='ocrx_word' id='word_1_72' title='bbox 312 1762 543 1825; x_wconf 80' lang='lat' dir='ltr'><strong>Acctotartras</strong></span> <span class='ocrx_word' id='word_1_73' title='bbox 556 1761 753 1826; x_wconf 88' lang='lat' dir='ltr'><strong>aluminicus</strong></span> <span class='ocrx_word' id='word_1_74' title='bbox 765 1763 801 1825; x_wconf 91' lang='lat' dir='ltr'><strong>in</strong></span> <span class='ocrx_word' id='word_1_75' title='bbox 813 1784 899 1846; x_wconf 91' lang='lat' dir='ltr'><strong>aqua</strong></span> <span class='ocrx_word' id='word_1_76' title='bbox 911 1766 944 1846; x_wconf 89' lang='lat'><strong>(1</strong></span> <span class='ocrx_word' id='word_1_77' title='bbox 960 1788 993 1822; x_wconf 88' lang='lat'><strong><em>=</em></strong></span> <span class='ocrx_word' id='word_1_78' title='bbox 1008 1765 1043 1842; x_wconf 72' lang='lat'><strong>2&gt;</strong></span> <span class='ocrx_word' id='word_1_79' title='bbox 1054 1763 1193 1839; x_wconf 87' lang='lat' dir='ltr'><strong>solutus,</strong></span> <span class='ocrx_word' id='word_1_80' title='bbox 1208 1763 1397 1839; x_wconf 80' lang='lat' dir='ltr'><strong>calefactus,</strong></span> 
     </span>
     <span class='ocr_line' id='line_1_13' title="bbox 265 1867 1400 1955; baseline 0.002 -23"><span class='ocrx_word' id='word_1_81' title='bbox 265 1869 376 1932; x_wconf 83' lang='lat' dir='ltr'><strong>clarus</strong></span> <span class='ocrx_word' id='word_1_82' title='bbox 418 1872 451 1931; x_wconf 88' lang='lat' dir='ltr'><strong>ct</strong></span> <span class='ocrx_word' id='word_1_83' title='bbox 493 1869 640 1935; x_wconf 85' lang='lat' dir='ltr'><strong>tenuiter</strong></span> <span class='ocrx_word' id='word_1_84' title='bbox 673 1869 818 1953; x_wconf 88' lang='lat' dir='ltr'><strong>liquidus</strong></span> <span class='ocrx_word' id='word_1_85' title='bbox 858 1871 911 1933; x_wconf 88' lang='lat' dir='ltr'><strong>sit.</strong></span> <span class='ocrx_word' id='word_1_86' title='bbox 947 1871 1062 1954; x_wconf 80' lang='lat' dir='ltr'><strong>Aquae</strong></span> <span class='ocrx_word' id='word_1_87' title='bbox 1098 1867 1286 1955; x_wconf 87' lang='lat' dir='ltr'><strong>quantitate</strong></span> <span class='ocrx_word' id='word_1_88' title='bbox 1321 1892 1400 1955; x_wconf 87' lang='lat' dir='ltr'><strong>qua·</strong></span> 
     </span>
     <span class='ocr_line' id='line_1_14' title="bbox 265 1974 1398 2061; baseline 0.002 -23"><span class='ocrx_word' id='word_1_89' title='bbox 265 1974 386 2059; x_wconf 85' lang='lat' dir='ltr'><strong>drupla</strong></span> <span class='ocrx_word' id='word_1_90' title='bbox 409 1976 545 2051; x_wconf 85' lang='lat' dir='ltr'><strong>mixtus,</strong></span> <span class='ocrx_word' id='word_1_91' title='bbox 570 1975 693 2040; x_wconf 87' lang='lat' dir='ltr'><strong>additis</strong></span> <span class='ocrx_word' id='word_1_92' title='bbox 718 1976 803 2040; x_wconf 88' lang='lat' dir='ltr'><strong>acidi</strong></span> <span class='ocrx_word' id='word_1_93' title='bbox 828 1976 1072 2060; x_wconf 89' lang='lat' dir='ltr'><strong>hydrochlorici</strong></span> <span class='ocrx_word' id='word_1_94' title='bbox 1092 1977 1199 2061; x_wconf 86' lang='lat' dir='ltr'><strong>guttis</strong></span> <span class='ocrx_word' id='word_1_95' title='bbox 1218 1976 1398 2052; x_wconf 68' lang='lat' dir='ltr'><strong>nonnullis</strong></span> 
     </span>
     <span class='ocr_line' id='line_1_15' title="bbox 267 2081 1400 2167; baseline 0.004 -24"><span class='ocrx_word' id='word_1_96' title='bbox 267 2102 328 2164; x_wconf 86' lang='lat' dir='ltr'><strong>per</strong></span> <span class='ocrx_word' id='word_1_97' title='bbox 361 2081 493 2146; x_wconf 88' lang='lat' dir='ltr'><strong>acidum</strong></span> <span class='ocrx_word' id='word_1_98' title='bbox 529 2082 835 2167; x_wconf 84' lang='lat' dir='ltr'><strong>hydrosuliuricum</strong></span> <span class='ocrx_word' id='word_1_99' title='bbox 870 2083 1012 2167; x_wconf 83' lang='lat' dir='ltr'><strong>speciem</strong></span> <span class='ocrx_word' id='word_1_100' title='bbox 1048 2106 1090 2148; x_wconf 88' lang='lat' dir='ltr'><strong>ne</strong></span> <span class='ocrx_word' id='word_1_101' title='bbox 1119 2088 1244 2162; x_wconf 88' lang='lat' dir='ltr'><strong>mutet;</strong></span> <span class='ocrx_word' id='word_1_102' title='bbox 1277 2083 1400 2148; x_wconf 87' lang='lat' dir='ltr'><strong>additis</strong></span> 
     </span>
     <span class='ocr_line' id='line_1_16' title="bbox 265 2186 1401 2274; baseline 0.004 -24"><span class='ocrx_word' id='word_1_103' title='bbox 265 2186 353 2250; x_wconf 81' lang='lat' dir='ltr'><strong>acidi</strong></span> <span class='ocrx_word' id='word_1_104' title='bbox 369 2188 481 2254; x_wconf 90' lang='lat' dir='ltr'><strong>nitrici</strong></span> <span class='ocrx_word' id='word_1_105' title='bbox 493 2189 600 2274; x_wconf 85' lang='lat' dir='ltr'><strong>guttis</strong></span> <span class='ocrx_word' id='word_1_106' title='bbox 613 2190 792 2266; x_wconf 88' lang='lat' dir='ltr'><strong>nonnullis,</strong></span> <span class='ocrx_word' id='word_1_107' title='bbox 806 2190 941 2254; x_wconf 91' lang='lat' dir='ltr'><strong>omnino</strong></span> <span class='ocrx_word' id='word_1_108' title='bbox 953 2211 995 2253; x_wconf 87' lang='lat' dir='ltr'><strong>ne</strong></span> <span class='ocrx_word' id='word_1_109' title='bbox 1008 2190 1162 2254; x_wconf 86' lang='lat' dir='ltr'><strong>turbctur</strong></span> <span class='ocrx_word' id='word_1_110' title='bbox 1174 2213 1232 2274; x_wconf 88' lang='lat' dir='ltr'><strong>per</strong></span> <span class='ocrx_word' id='word_1_111' title='bbox 1244 2190 1401 2255; x_wconf 84' lang='lat' dir='ltr'><strong>nitratcm</strong></span> 
     </span>
     <span class='ocr_line' id='line_1_17' title="bbox 266 2295 1207 2382; baseline 0.004 -26"><span class='ocrx_word' id='word_1_112' title='bbox 266 2295 477 2378; x_wconf 83' lang='lat' dir='ltr'><strong>argenticum</strong></span> <span class='ocrx_word' id='word_1_113' title='bbox 500 2317 584 2360; x_wconf 87' lang='lat' dir='ltr'><strong>neve</strong></span> <span class='ocrx_word' id='word_1_114' title='bbox 608 2297 723 2360; x_wconf 88' lang='lat' dir='ltr'><strong>statim</strong></span> <span class='ocrx_word' id='word_1_115' title='bbox 746 2317 805 2381; x_wconf 86' lang='lat' dir='ltr'><strong>per</strong></span> <span class='ocrx_word' id='word_1_116' title='bbox 828 2296 987 2361; x_wconf 87' lang='lat' dir='ltr'><strong>nitratem</strong></span> <span class='ocrx_word' id='word_1_117' title='bbox 1010 2297 1207 2382; x_wconf 86' lang='lat' dir='ltr'><strong>baryticum.</strong></span> 
     </span>
    </p>

    <p class='ocr_par' dir='ltr' id='par_1_5' title="bbox 264 2401 1401 2593">
     <span class='ocr_line' id='line_1_18' title="bbox 311 2401 1401 2487; baseline 0.002 -23"><span class='ocrx_word' id='word_1_118' title='bbox 311 2401 545 2466; x_wconf 82' lang='lat' dir='ltr'><strong>Acetotartras</strong></span> <span class='ocrx_word' id='word_1_119' title='bbox 557 2403 753 2466; x_wconf 87' lang='lat' dir='ltr'><strong>aluminicus</strong></span> <span class='ocrx_word' id='word_1_120' title='bbox 765 2402 982 2467; x_wconf 77' lang='lat' dir='ltr'><strong>candefactus</strong></span> <span class='ocrx_word' id='word_1_121' title='bbox 994 2403 1096 2487; x_wconf 89' lang='lat' dir='ltr'><strong>oxydi</strong></span> <span class='ocrx_word' id='word_1_122' title='bbox 1108 2403 1278 2468; x_wconf 88' lang='lat' dir='ltr'><strong>aluminici</strong></span> <span class='ocrx_word' id='word_1_123' title='bbox 1290 2407 1401 2487; x_wconf 88' lang='lat' dir='ltr'><strong>partes</strong></span> 
     </span>
     <span class='ocr_line' id='line_1_19' title="bbox 264 2507 1110 2593; baseline 0.002 -22"><span class='ocrx_word' id='word_1_124' title='bbox 264 2507 465 2572; x_wconf 85' lang='lat' dir='ltr'><strong>centesimas</strong></span> <span class='ocrx_word' id='word_1_125' title='bbox 489 2508 655 2593; x_wconf 88' lang='lat' dir='ltr'><strong>relinquat</strong></span> <span class='ocrx_word' id='word_1_126' title='bbox 677 2529 746 2572; x_wconf 90' lang='lat' dir='ltr'><strong>non</strong></span> <span class='ocrx_word' id='word_1_127' title='bbox 768 2509 878 2572; x_wconf 89' lang='lat' dir='ltr'><strong>minus</strong></span> <span class='ocrx_word' id='word_1_128' title='bbox 902 2531 1001 2593; x_wconf 88' lang='lat' dir='ltr'><strong>quam</strong></span> <span class='ocrx_word' id='word_1_129' title='bbox 1026 2511 1110 2586; x_wconf 80' lang='lat'>22,5.</span> 
     </span>
    </p>
   </div>
   <div class='ocr_carea' id='block_1_3' title="bbox 582 2819 1094 2940">
    <p class='ocr_par' dir='ltr' id='par_1_6' title="bbox 582 2819 1094 2940">
     <span class='ocr_line' id='line_1_20' title="bbox 582 2819 1094 2940; baseline -0.002 -26"><span class='ocrx_word' id='word_1_130' title='bbox 582 2819 792 2914; x_wconf 76' lang='lat' dir='ltr'><strong>lecton</strong></span> <span class='ocrx_word' id='word_1_131' title='bbox 828 2820 1094 2940; x_wconf 71' lang='lat' dir='ltr'><strong>Dicitalis.</strong></span> 
     </span>
    </p>
   </div>
   <div class='ocr_carea' id='block_1_4' title="bbox 313 2995 1323 3182">
    <p class='ocr_par' dir='ltr' id='par_1_7' title="bbox 313 2995 1323 3182">
     <span class='ocr_line' id='line_1_21' title="bbox 313 2995 1154 3082; baseline 0.001 -22"><span class='ocrx_word' id='word_1_132' title='bbox 313 2997 457 3074; x_wconf 70' lang='lat' dir='ltr'><strong>Macarta,</strong></span> <span class='ocrx_word' id='word_1_133' title='bbox 481 2995 674 3081; x_wconf 82' lang='lat' dir='ltr'><strong>frequenter</strong></span> <span class='ocrx_word' id='word_1_134' title='bbox 696 3018 933 3082; x_wconf 85' lang='lat' dir='ltr'><strong>conquassans,</strong></span> <span class='ocrx_word' id='word_1_135' title='bbox 959 3018 1018 3082; x_wconf 85' lang='lat' dir='ltr'><strong>per</strong></span> <span class='ocrx_word' id='word_1_136' title='bbox 1040 2997 1111 3062; x_wconf 87' lang='lat' dir='ltr'><strong>dies</strong></span> <span class='ocrx_word' id='word_1_137' title='bbox 1136 3002 1154 3061; x_wconf 90' lang='lat'>5</span> 
     </span>
     <span class='ocr_line' id='line_1_22' title="bbox 367 3103 1323 3182; baseline 0.003 -23"><span class='ocrx_word' id='word_1_138' title='bbox 367 3107 692 3174; x_wconf 71' lang='lat' dir='ltr'><strong>FoliorumDiqttalis</strong></span> <span class='ocrx_word' id='word_1_139' title='bbox 710 3105 748 3160; x_wconf 92' lang='lat' dir='ltr'><strong>in</strong></span> <span class='ocrx_word' id='word_1_140' title='bbox 764 3104 964 3182; x_wconf 81' lang='lat' dir='ltr'><strong>pulverem</strong></span> <span class='ocrx_word' id='word_1_141' title='bbox 981 3103 1060 3182; x_wconf 65' lang='lat' dir='ltr'>(Bw)</span> <span class='ocrx_word' id='word_1_142' title='bbox 1078 3103 1323 3162; x_wconf 86' lang='lat' dir='ltr'><strong>redactorum</strong></span> 
     </span>
    </p>
   </div>
   <div class='ocr_carea' id='block_1_5' title="bbox 263 3200 1402 3384">
    <p class='ocr_par' dir='ltr' id='par_1_8' title="bbox 263 3200 1402 3384">
     <span class='ocr_line' id='line_1_23' title="bbox 408 3200 1402 3278; baseline 0.003 -20"><span class='ocrx_word' id='word_1_143' title='bbox 408 3207 543 3278; x_wconf 85' lang='lat' dir='ltr'><strong>partes</strong></span> <span class='ocrx_word' id='word_1_144' title='bbox 568 3200 697 3260; x_wconf 88' lang='lat' dir='ltr'><strong>decem</strong></span> <span class='ocrx_word' id='word_1_145' title='bbox 705 3247 1313 3264; x_wconf 89' lang='grc'><strong>................</strong></span> <span class='ocrx_word' id='word_1_146' title='bbox 1366 3202 1402 3259; x_wconf 92' lang='grc'><strong>10</strong></span> 
     </span>
     <span class='ocr_line' id='line_1_24' title="bbox 263 3296 475 3384; baseline -0.005 -21"><span class='ocrx_word' id='word_1_147' title='bbox 263 3321 328 3384; x_wconf 87' lang='lat' dir='ltr'><strong>per</strong></span> <span class='ocrx_word' id='word_1_148' title='bbox 351 3296 475 3362; x_wconf 83' lang='lat' dir='ltr'><strong>mixtas</strong></span> 
     </span>
    </p>
   </div>
   <div class='ocr_carea' id='block_1_6' title="bbox 261 3405 1403 3653">
    <p class='ocr_par' dir='ltr' id='par_1_9' title="bbox 261 3405 1403 3653">
     <span class='ocr_line' id='line_1_25' title="bbox 368 3405 1403 3484; baseline 0 -21"><span class='ocrx_word' id='word_1_149' title='bbox 368 3411 460 3462; x_wconf 68' lang='lat' dir='ltr'><strong>scitu</strong></span> <span class='ocrx_word' id='word_1_150' title='bbox 480 3413 594 3464; x_wconf 80' lang='lat' dir='ltr'><strong>aoctlcl</strong></span> <span class='ocrx_word' id='word_1_151' title='bbox 621 3413 717 3464; x_wconf 83' lang='lat' dir='ltr'><strong>diluti</strong></span> <span class='ocrx_word' id='word_1_152' title='bbox 746 3414 878 3484; x_wconf 86' lang='lat' dir='ltr'><strong>partes</strong></span> <span class='ocrx_word' id='word_1_153' title='bbox 909 3409 1129 3482; x_wconf 82' lang='lat' dir='ltr'><strong>nonaginta</strong></span> <span class='ocrx_word' id='word_1_154' title='bbox 1150 3449 1317 3465; x_wconf 93' lang='grc'><strong>.....</strong></span> <span class='ocrx_word' id='word_1_155' title='bbox 1365 3405 1403 3463; x_wconf 89' lang='grc'><strong>90</strong></span> 
     </span>
     <span class='ocr_line' id='line_1_26' title="bbox 261 3491 1403 3653; baseline 0.004 -22"><span class='ocrx_word' id='word_1_156' title='bbox 261 3491 299 3552; x_wconf 57' lang='lat' dir='ltr'><strong>et</strong></span> <span class='ocrx_word' id='word_1_157' title='bbox 367 3581 508 3644; x_wconf 74' lang='lat' dir='ltr'><strong>spiritus</strong></span> <span class='ocrx_word' id='word_1_158' title='bbox 529 3584 665 3653; x_wconf 87' lang='lat' dir='ltr'><strong>partes</strong></span> <span class='ocrx_word' id='word_1_159' title='bbox 686 3576 814 3634; x_wconf 86' lang='lat' dir='ltr'><strong>decem</strong></span> <span class='ocrx_word' id='word_1_160' title='bbox 828 3618 1316 3636; x_wconf 89' lang='grc'><strong>.............</strong></span> <span class='ocrx_word' id='word_1_161' title='bbox 1367 3575 1403 3632; x_wconf 87' lang='grc'><strong>10</strong></span> 
     </span>
    </p>
   </div>
   <div class='ocr_carea' id='block_1_7' title="bbox 258 3679 1401 4306">
    <p class='ocr_par' dir='ltr' id='par_1_10' title="bbox 312 3679 713 3766">
     <span class='ocr_line' id='line_1_27' title="bbox 312 3679 713 3766; baseline 0.005 -20"><span class='ocrx_word' id='word_1_162' title='bbox 312 3679 407 3759; x_wconf 86' lang='lat' dir='ltr'><strong>Cola,</strong></span> <span class='ocrx_word' id='word_1_163' title='bbox 432 3684 589 3766; x_wconf 85' lang='lat' dir='ltr'><strong>exprime,</strong></span> <span class='ocrx_word' id='word_1_164' title='bbox 614 3683 713 3748; x_wconf 86' lang='lat' dir='ltr'><strong>filtra.</strong></span> 
     </span>
    </p>

    <p class='ocr_par' dir='ltr' id='par_1_11' title="bbox 310 3787 1336 3878">
     <span class='ocr_line' id='line_1_28' title="bbox 310 3787 1336 3878; baseline -0.001 -25"><span class='ocrx_word' id='word_1_165' title='bbox 310 3787 440 3873; x_wconf 88' lang='lat' dir='ltr'><strong>Liquor</strong></span> <span class='ocrx_word' id='word_1_166' title='bbox 463 3791 580 3868; x_wconf 91' lang='lat' dir='ltr'><strong>clarus,</strong></span> <span class='ocrx_word' id='word_1_167' title='bbox 606 3790 820 3868; x_wconf 84' lang='lat' dir='ltr'><strong>fuscoflavus,</strong></span> <span class='ocrx_word' id='word_1_168' title='bbox 845 3792 974 3878; x_wconf 87' lang='lat' dir='ltr'><strong>saporis</strong></span> <span class='ocrx_word' id='word_1_169' title='bbox 999 3791 1084 3856; x_wconf 85' lang='lat' dir='ltr'><strong>scidi</strong></span> <span class='ocrx_word' id='word_1_170' title='bbox 1108 3796 1141 3856; x_wconf 89' lang='lat' dir='ltr'><strong>ct</strong></span> <span class='ocrx_word' id='word_1_171' title='bbox 1164 3790 1336 3876; x_wconf 84' lang='lat' dir='ltr'><strong>peramari.</strong></span> 
     </span>
    </p>

    <p class='ocr_par' dir='ltr' id='par_1_12' title="bbox 258 3896 1401 4306">
     <span class='ocr_line' id='line_1_29' title="bbox 308 3896 1401 3982; baseline -0.002 -22"><span class='ocrx_word' id='word_1_172' title='bbox 308 3896 408 3961; x_wconf 84' lang='lat' dir='ltr'><strong>Accti</strong></span> <span class='ocrx_word' id='word_1_173' title='bbox 433 3897 592 3982; x_wconf 84' lang='lat' dir='ltr'><strong>Digitalis</strong></span> <span class='ocrx_word' id='word_1_174' title='bbox 615 3899 821 3963; x_wconf 81' lang='lat' dir='ltr'><strong>centimetris</strong></span> <span class='ocrx_word' id='word_1_175' title='bbox 845 3899 969 3963; x_wconf 90' lang='lat' dir='ltr'><strong>cubicis</strong></span> <span class='ocrx_word' id='word_1_176' title='bbox 994 3901 1012 3962; x_wconf 92' lang='lat'>5</span> <span class='ocrx_word' id='word_1_177' title='bbox 1033 3898 1232 3982; x_wconf 69' lang='lat' dir='ltr'><strong>evaporans,</strong></span> <span class='ocrx_word' id='word_1_178' title='bbox 1252 3897 1304 3972; x_wconf 91' lang='lat' dir='ltr'><strong>iis,</strong></span> <span class='ocrx_word' id='word_1_179' title='bbox 1318 3917 1401 3980; x_wconf 88' lang='lat' dir='ltr'><strong>quac</strong></span> 
     </span>
     <span class='ocr_line' id='line_1_30' title="bbox 258 4001 1401 4091; baseline -0.005 -21"><span class='ocrx_word' id='word_1_180' title='bbox 258 4005 385 4070; x_wconf 75' lang='lat' dir='ltr'><strong>relicta</strong></span> <span class='ocrx_word' id='word_1_181' title='bbox 407 4011 514 4082; x_wconf 89' lang='lat' dir='ltr'><strong>erunt,</strong></span> <span class='ocrx_word' id='word_1_182' title='bbox 539 4007 575 4069; x_wconf 90' lang='lat' dir='ltr'><strong>in</strong></span> <span class='ocrx_word' id='word_1_183' title='bbox 599 4027 704 4091; x_wconf 86' lang='lat' dir='ltr'><strong>aquae</strong></span> <span class='ocrx_word' id='word_1_184' title='bbox 727 4007 925 4071; x_wconf 86' lang='lat' dir='ltr'><strong>centimetra</strong></span> <span class='ocrx_word' id='word_1_185' title='bbox 948 4004 1301 4088; x_wconf 79' lang='lat' dir='ltr'><strong>cubica2exccptiset</strong></span> <span class='ocrx_word' id='word_1_186' title='bbox 1314 4001 1401 4065; x_wconf 89' lang='lat' dir='ltr'><strong>solu-</strong></span> 
     </span>
     <span class='ocr_line' id='line_1_31' title="bbox 258 4107 1400 4198; baseline -0.007 -20"><span class='ocrx_word' id='word_1_187' title='bbox 258 4112 368 4178; x_wconf 88' lang='lat' dir='ltr'><strong>tionis</strong></span> <span class='ocrx_word' id='word_1_188' title='bbox 392 4114 531 4178; x_wconf 82' lang='lat' dir='ltr'><strong>acetatis</strong></span> <span class='ocrx_word' id='word_1_189' title='bbox 563 4114 720 4198; x_wconf 87' lang='lat' dir='ltr'><strong>plumbici</strong></span> <span class='ocrx_word' id='word_1_190' title='bbox 753 4114 856 4180; x_wconf 89' lang='lat' dir='ltr'><strong>basici</strong></span> <span class='ocrx_word' id='word_1_191' title='bbox 888 4114 995 4198; x_wconf 85' lang='lat' dir='ltr'><strong>guttis</strong></span> <span class='ocrx_word' id='word_1_192' title='bbox 1028 4115 1069 4177; x_wconf 92' lang='grc'><strong>10</strong></span> <span class='ocrx_word' id='word_1_193' title='bbox 1092 4113 1216 4188; x_wconf 85' lang='lat' dir='ltr'><strong>mixtis,</strong></span> <span class='ocrx_word' id='word_1_194' title='bbox 1241 4107 1400 4195; x_wconf 87' lang='lat' dir='ltr'><strong>praecipi·</strong></span> 
     </span>
     <span class='ocr_line' id='line_1_32' title="bbox 261 4218 1400 4306; baseline -0.006 -22"><span class='ocrx_word' id='word_1_195' title='bbox 261 4225 376 4284; x_wconf 84' lang='lat' dir='ltr'><strong>tatum</strong></span> <span class='ocrx_word' id='word_1_196' title='bbox 406 4219 604 4306; x_wconf 83' lang='lat' dir='ltr'><strong>deponitur3</strong></span> <span class='ocrx_word' id='word_1_197' title='bbox 636 4243 711 4286; x_wconf 88' lang='lat' dir='ltr'><strong>cum</strong></span> <span class='ocrx_word' id='word_1_198' title='bbox 742 4222 861 4287; x_wconf 91' lang='lat' dir='ltr'><strong>deinde</strong></span> <span class='ocrx_word' id='word_1_199' title='bbox 885 4221 1047 4286; x_wconf 82' lang='lat' dir='ltr'><strong>filtratum</strong></span> <span class='ocrx_word' id='word_1_200' title='bbox 1071 4222 1144 4296; x_wconf 87' lang='lat' dir='ltr'><strong>crit,</strong></span> <span class='ocrx_word' id='word_1_201' title='bbox 1169 4218 1303 4282; x_wconf 88' lang='lat' dir='ltr'><strong>filtratis</strong></span> <span class='ocrx_word' id='word_1_202' title='bbox 1326 4235 1400 4279; x_wconf 88' lang='lat' dir='ltr'><strong>cum</strong></span> 
     </span>
    </p>
   </div>
   <div class='ocr_carea' id='block_1_8' title="bbox 0 0 1738 5038">
    <p class='ocr_par' dir='ltr' id='par_1_13' title="bbox 0 0 1738 5038">
     <span class='ocr_line' id='line_1_33' title="bbox 0 0 1738 5038; baseline 0 0"><span class='ocrx_word' id='word_1_203' title='bbox 0 0 1738 5038; x_wconf 95' lang='lat' dir='ltr'><strong> </strong></span> 
     </span>
    </p>
   </div>
  </div>
 </body>
</html>
