<?xml version="1.0" encoding="UTF-8"?>
<!DOCTYPE html PUBLIC "-//W3C//DTD XHTML 1.0 Transitional//EN"
    "http://www.w3.org/TR/xhtml1/DTD/xhtml1-transitional.dtd">
<html xmlns="http://www.w3.org/1999/xhtml" xml:lang="en" lang="en">
 <head>
  <title>
</title>
<meta http-equiv="Content-Type" content="text/html;charset=utf-8" />
  <meta name='ocr-system' content='tesseract 3.04.00' />
  <meta name='ocr-capabilities' content='ocr_page ocr_carea ocr_par ocr_line ocrx_word'/>
</head>
<body>
  <div class='ocr_page' id='page_1' title='image "./pharmocopoeaned00zakegoog_0135.png"; bbox 0 0 3530 5026; ppageno 0'>
   <div class='ocr_carea' id='block_1_1' title="bbox 794 476 923 538">
    <p class='ocr_par' dir='ltr' id='par_1_1' title="bbox 794 476 923 538">
     <span class='ocr_line' id='line_1_1' title="bbox 794 476 923 538; baseline 0.016 -2"><span class='ocrx_word' id='word_1_1' title='bbox 794 526 796 536; x_wconf 76' lang='grc'><strong><em>,</em></strong></span> <span class='ocrx_word' id='word_1_2' title='bbox 861 476 923 538; x_wconf 82' lang='grc'><strong>104</strong></span> 
     </span>
    </p>
   </div>
   <div class='ocr_carea' id='block_1_2' title="bbox 517 668 1178 790">
    <p class='ocr_par' dir='ltr' id='par_1_2' title="bbox 517 668 1178 790">
     <span class='ocr_line' id='line_1_2' title="bbox 517 668 1178 790; baseline -0.005 -24"><span class='ocrx_word' id='word_1_3' title='bbox 517 668 568 766; x_wconf 84' lang='grc' dir='ltr'><strong>-Ι-</strong></span> <span class='ocrx_word' id='word_1_4' title='bbox 600 669 785 766; x_wconf 73' lang='lat' dir='ltr'><strong>cortex</strong></span> <span class='ocrx_word' id='word_1_5' title='bbox 823 668 1178 790; x_wconf 59' lang='lat' dir='ltr'><strong>canturanae.</strong></span> 
     </span>
    </p>
   </div>
   <div class='ocr_carea' id='block_1_3' title="bbox 320 847 1452 1044">
    <p class='ocr_par' dir='ltr' id='par_1_3' title="bbox 320 847 1452 1044">
     <span class='ocr_line' id='line_1_3' title="bbox 367 847 1452 936; baseline -0.002 -20"><span class='ocrx_word' id='word_1_6' title='bbox 367 849 493 916; x_wconf 83' lang='lat' dir='ltr'>Cortex</span> <span class='ocrx_word' id='word_1_7' title='bbox 530 870 628 936; x_wconf 86' lang='lat' dir='ltr'><strong>quem</strong></span> <span class='ocrx_word' id='word_1_8' title='bbox 662 847 799 933; x_wconf 88' lang='lat' dir='ltr'><strong>praebet</strong></span> <span class='ocrx_word' id='word_1_9' title='bbox 833 847 960 932; x_wconf 87' lang='lat' dir='ltr'><strong>species</strong></span> <span class='ocrx_word' id='word_1_10' title='bbox 993 847 1190 912; x_wconf 86' lang='lat' dir='ltr'><strong>Americana</strong></span> <span class='ocrx_word' id='word_1_11' title='bbox 1224 847 1452 914; x_wconf 87' lang='lat' dir='ltr'><strong>Meridionalis</strong></span> 
     </span>
     <span class='ocr_line' id='line_1_4' title="bbox 320 955 767 1044; baseline -0.002 -22"><span class='ocrx_word' id='word_1_12' title='bbox 320 957 453 1044; x_wconf 83' lang='lat' dir='ltr'><strong>generis</strong></span> <span class='ocrx_word' id='word_1_13' title='bbox 483 955 767 1022; x_wconf 88' lang='lat' dir='ltr'><strong>Marsdeniae.</strong></span> 
     </span>
    </p>
   </div>
   <div class='ocr_carea' id='block_1_4' title="bbox 317 1114 1453 3102">
    <p class='ocr_par' dir='ltr' id='par_1_4' title="bbox 318 1114 1453 2699">
     <span class='ocr_line' id='line_1_5' title="bbox 366 1114 1453 1200; baseline -0.001 -18"><span class='ocrx_word' id='word_1_14' title='bbox 366 1116 452 1182; x_wconf 84' lang='lat' dir='ltr'><strong>Tubi</strong></span> <span class='ocrx_word' id='word_1_15' title='bbox 475 1117 529 1182; x_wconf 88' lang='lat' dir='ltr'><strong>vel</strong></span> <span class='ocrx_word' id='word_1_16' title='bbox 553 1116 663 1181; x_wconf 78' lang='lat' dir='ltr'><strong>frusta</strong></span> <span class='ocrx_word' id='word_1_17' title='bbox 685 1115 913 1193; x_wconf 78' lang='lat' dir='ltr'><strong>canaliculato,</strong></span> <span class='ocrx_word' id='word_1_18' title='bbox 934 1115 1131 1180; x_wconf 85' lang='lat' dir='ltr'><strong>centimetra</strong></span> <span class='ocrx_word' id='word_1_19' title='bbox 1151 1114 1194 1180; x_wconf 85' lang='lat' dir='ltr'><strong>ed</strong></span> <span class='ocrx_word' id='word_1_20' title='bbox 1208 1115 1453 1200; x_wconf 77' lang='lat' dir='ltr'><strong>1310nga‚lata</strong></span> 
     </span>
     <span class='ocr_line' id='line_1_6' title="bbox 320 1221 1451 1301; baseline -0.004 -11"><span class='ocrx_word' id='word_1_21' title='bbox 320 1226 517 1292; x_wconf 87' lang='lat' dir='ltr'><strong>centimetra</strong></span> <span class='ocrx_word' id='word_1_22' title='bbox 536 1224 579 1290; x_wconf 85' lang='lat' dir='ltr'><strong>ed</strong></span> <span class='ocrx_word' id='word_1_23' title='bbox 599 1226 629 1301; x_wconf 88' lang='grc'><strong>3,</strong></span> <span class='ocrx_word' id='word_1_24' title='bbox 650 1223 773 1289; x_wconf 88' lang='lat' dir='ltr'><strong>cortice</strong></span> <span class='ocrx_word' id='word_1_25' title='bbox 788 1245 900 1288; x_wconf 87' lang='lat' dir='ltr'><strong>crasso</strong></span> <span class='ocrx_word' id='word_1_26' title='bbox 912 1221 1138 1287; x_wconf 84' lang='lat' dir='ltr'><strong>millimetrum</strong></span> <span class='ocrx_word' id='word_1_27' title='bbox 1154 1226 1170 1286; x_wconf 91' lang='lat'>1</span> <span class='ocrx_word' id='word_1_28' title='bbox 1184 1221 1228 1286; x_wconf 92' lang='lat' dir='ltr'><strong>ad</strong></span> <span class='ocrx_word' id='word_1_29' title='bbox 1240 1223 1271 1300; x_wconf 83' lang='lat'><strong>⁷3</strong></span> <span class='ocrx_word' id='word_1_30' title='bbox 1283 1221 1451 1287; x_wconf 87' lang='lat' dir='ltr'><strong>interdum</strong></span> 
     </span>
     <span class='ocr_line' id='line_1_7' title="bbox 320 1327 1452 1415; baseline -0.001 -20"><span class='ocrx_word' id='word_1_31' title='bbox 320 1330 531 1408; x_wconf 83' lang='lat' dir='ltr'><strong>subcurvate,</strong></span> <span class='ocrx_word' id='word_1_32' title='bbox 551 1329 644 1408; x_wconf 88' lang='lat' dir='ltr'><strong>dura,</strong></span> <span class='ocrx_word' id='word_1_33' title='bbox 662 1327 806 1414; x_wconf 76' lang='lat' dir='ltr'><strong>fragilia.</strong></span> <span class='ocrx_word' id='word_1_34' title='bbox 830 1329 1028 1415; x_wconf 77' lang='lat' dir='ltr'><strong>superficies</strong></span> <span class='ocrx_word' id='word_1_35' title='bbox 1051 1331 1197 1395; x_wconf 86' lang='lat' dir='ltr'><strong>exterior</strong></span> <span class='ocrx_word' id='word_1_36' title='bbox 1207 1329 1452 1415; x_wconf 88' lang='lat' dir='ltr'><strong>quodammodo</strong></span> 
     </span>
     <span class='ocr_line' id='line_1_8' title="bbox 319 1434 1449 1522; baseline -0.002 -20"><span class='ocrx_word' id='word_1_37' title='bbox 319 1457 444 1522; x_wconf 84' lang='lat' dir='ltr'><strong>rugosa</strong></span> <span class='ocrx_word' id='word_1_38' title='bbox 476 1458 537 1521; x_wconf 90' lang='lat' dir='ltr'><strong>per</strong></span> <span class='ocrx_word' id='word_1_39' title='bbox 562 1435 816 1522; x_wconf 76' lang='lat' dir='ltr'><strong>longitudinem,</strong></span> <span class='ocrx_word' id='word_1_40' title='bbox 840 1434 950 1522; x_wconf 85' lang='lat' dir='ltr'>gibbis</span> <span class='ocrx_word' id='word_1_41' title='bbox 973 1436 1095 1522; x_wconf 78' lang='lat' dir='ltr'><strong>parvis,</strong></span> <span class='ocrx_word' id='word_1_42' title='bbox 1120 1437 1243 1522; x_wconf 88' lang='lat' dir='ltr'><strong>partim</strong></span> <span class='ocrx_word' id='word_1_43' title='bbox 1264 1437 1449 1514; x_wconf 89' lang='lat' dir='ltr'><strong>lenticellis,</strong></span> 
     </span>
     <span class='ocr_line' id='line_1_9' title="bbox 322 1542 1451 1629; baseline 0 -21"><span class='ocrx_word' id='word_1_44' title='bbox 322 1543 444 1628; x_wconf 91' lang='lat' dir='ltr'><strong>partim</strong></span> <span class='ocrx_word' id='word_1_45' title='bbox 464 1543 646 1629; x_wconf 82' lang='lat' dir='ltr'><strong>squamulis</strong></span> <span class='ocrx_word' id='word_1_46' title='bbox 664 1542 886 1620; x_wconf 87' lang='lat' dir='ltr'><strong>corticalibus,</strong></span> <span class='ocrx_word' id='word_1_47' title='bbox 903 1543 990 1607; x_wconf 88' lang='lat' dir='ltr'><strong>clare</strong></span> <span class='ocrx_word' id='word_1_48' title='bbox 1001 1542 1218 1628; x_wconf 81' lang='lat' dir='ltr'><strong>giiseofusca,</strong></span> <span class='ocrx_word' id='word_1_49' title='bbox 1231 1563 1329 1627; x_wconf 88' lang='lat' dir='ltr'><strong>saepe</strong></span> <span class='ocrx_word' id='word_1_50' title='bbox 1341 1542 1451 1608; x_wconf 89' lang='lat' dir='ltr'><strong>obsita</strong></span> 
     </span>
     <span class='ocr_line' id='line_1_10' title="bbox 320 1648 1450 1735; baseline 0 -21"><span class='ocrx_word' id='word_1_51' title='bbox 320 1648 506 1715; x_wconf 88' lang='lat' dir='ltr'><strong>lichenibus</strong></span> <span class='ocrx_word' id='word_1_52' title='bbox 529 1648 613 1715; x_wconf 92' lang='lat' dir='ltr'><strong>albis</strong></span> <span class='ocrx_word' id='word_1_53' title='bbox 643 1649 697 1714; x_wconf 86' lang='lat' dir='ltr'><strong>vel</strong></span> <span class='ocrx_word' id='word_1_54' title='bbox 719 1649 848 1735; x_wconf 83' lang='lat' dir='ltr'><strong>griseis.</strong></span> <span class='ocrx_word' id='word_1_55' title='bbox 873 1649 1071 1734; x_wconf 77' lang='lat' dir='ltr'><strong>superficies</strong></span> <span class='ocrx_word' id='word_1_56' title='bbox 1096 1649 1238 1715; x_wconf 86' lang='lat' dir='ltr'><strong>interior</strong></span> <span class='ocrx_word' id='word_1_57' title='bbox 1259 1655 1450 1715; x_wconf 70' lang='lat' dir='ltr'><strong>transverse</strong></span> 
     </span>
     <span class='ocr_line' id='line_1_11' title="bbox 320 1754 1450 1842; baseline -0.001 -21"><span class='ocrx_word' id='word_1_58' title='bbox 320 1757 449 1835; x_wconf 81' lang='lat' dir='ltr'><strong>striata,</strong></span> <span class='ocrx_word' id='word_1_59' title='bbox 484 1755 665 1822; x_wconf 78' lang='lat' dir='ltr'><strong>clarissime</strong></span> <span class='ocrx_word' id='word_1_60' title='bbox 695 1754 912 1842; x_wconf 84' lang='lat' dir='ltr'><strong>griseofusca.</strong></span> <span class='ocrx_word' id='word_1_61' title='bbox 954 1757 1115 1822; x_wconf 87' lang='lat' dir='ltr'><strong>Fractura</strong></span> <span class='ocrx_word' id='word_1_62' title='bbox 1137 1761 1330 1822; x_wconf 78' lang='lat' dir='ltr'><strong>transverse</strong></span> <span class='ocrx_word' id='word_1_63' title='bbox 1352 1757 1450 1822; x_wconf 87' lang='lat' dir='ltr'><strong>strati</strong></span> 
     </span>
     <span class='ocr_line' id='line_1_12' title="bbox 321 1862 1450 1949; baseline -0.003 -20"><span class='ocrx_word' id='word_1_64' title='bbox 321 1862 496 1929; x_wconf 81' lang='lat' dir='ltr'><strong>exterioris</strong></span> <span class='ocrx_word' id='word_1_65' title='bbox 518 1863 589 1928; x_wconf 80' lang='lat' dir='ltr'><strong>lere</strong></span> <span class='ocrx_word' id='word_1_66' title='bbox 611 1862 838 1928; x_wconf 86' lang='lat' dir='ltr'><strong>millimetrum</strong></span> <span class='ocrx_word' id='word_1_67' title='bbox 862 1867 879 1926; x_wconf 94' lang='lat'>1</span> <span class='ocrx_word' id='word_1_68' title='bbox 900 1863 1003 1929; x_wconf 86' lang='lat' dir='ltr'><strong>crassi</strong></span> <span class='ocrx_word' id='word_1_69' title='bbox 1021 1862 1237 1949; x_wconf 82' lang='lat' dir='ltr'><strong>griseofusca,</strong></span> <span class='ocrx_word' id='word_1_70' title='bbox 1258 1862 1450 1948; x_wconf 86' lang='lat' dir='ltr'><strong>plerumque</strong></span> 
     </span>
     <span class='ocr_line' id='line_1_13' title="bbox 318 1969 1450 2056; baseline 0.002 -22"><span class='ocrx_word' id='word_1_71' title='bbox 318 1971 412 2036; x_wconf 88' lang='lat' dir='ltr'><strong>fibris</strong></span> <span class='ocrx_word' id='word_1_72' title='bbox 437 1970 556 2056; x_wconf 84' lang='lat' dir='ltr'><strong>longis,</strong></span> <span class='ocrx_word' id='word_1_73' title='bbox 576 1970 682 2056; x_wconf 90' lang='lat' dir='ltr'><strong>partis</strong></span> <span class='ocrx_word' id='word_1_74' title='bbox 698 1969 869 2035; x_wconf 87' lang='lat' dir='ltr'><strong>interioris</strong></span> <span class='ocrx_word' id='word_1_75' title='bbox 888 1991 1014 2054; x_wconf 86' lang='lat' dir='ltr'><strong>aspera,</strong></span> <span class='ocrx_word' id='word_1_76' title='bbox 1034 1992 1186 2056; x_wconf 77' lang='lat' dir='ltr'><strong>granoso,</strong></span> <span class='ocrx_word' id='word_1_77' title='bbox 1206 1969 1450 2056; x_wconf 87' lang='lat' dir='ltr'><strong>quodammodo</strong></span> 
     </span>
     <span class='ocr_line' id='line_1_14' title="bbox 319 2076 1447 2164; baseline -0.001 -21"><span class='ocrx_word' id='word_1_78' title='bbox 319 2077 478 2156; x_wconf 70' lang='lat' dir='ltr'><strong>innuosa,</strong></span> <span class='ocrx_word' id='word_1_79' title='bbox 488 2077 575 2142; x_wconf 83' lang='lat' dir='ltr'><strong>clare</strong></span> <span class='ocrx_word' id='word_1_80' title='bbox 586 2076 779 2155; x_wconf 87' lang='lat' dir='ltr'><strong>fuscoflava,</strong></span> <span class='ocrx_word' id='word_1_81' title='bbox 790 2077 914 2142; x_wconf 87' lang='lat' dir='ltr'><strong>crebris</strong></span> <span class='ocrx_word' id='word_1_82' title='bbox 925 2077 1064 2141; x_wconf 88' lang='lat' dir='ltr'><strong>maculis</strong></span> <span class='ocrx_word' id='word_1_83' title='bbox 1072 2078 1195 2164; x_wconf 86' lang='lat' dir='ltr'><strong>parvis,</strong></span> <span class='ocrx_word' id='word_1_84' title='bbox 1206 2077 1447 2156; x_wconf 82' lang='lat' dir='ltr'><strong>lererotundis,</strong></span> 
     </span>
     <span class='ocr_line' id='line_1_15' title="bbox 319 2183 1448 2270; baseline -0.001 -20"><span class='ocrx_word' id='word_1_85' title='bbox 319 2185 493 2250; x_wconf 83' lang='lat' dir='ltr'><strong>obscurius</strong></span> <span class='ocrx_word' id='word_1_86' title='bbox 524 2183 716 2250; x_wconf 78' lang='lat' dir='ltr'><strong>firscoflavis</strong></span> <span class='ocrx_word' id='word_1_87' title='bbox 746 2186 800 2248; x_wconf 88' lang='lat' dir='ltr'><strong>vel</strong></span> <span class='ocrx_word' id='word_1_88' title='bbox 830 2183 1025 2249; x_wconf 78' lang='lat' dir='ltr'><strong>scrobiculis</strong></span> <span class='ocrx_word' id='word_1_89' title='bbox 1048 2185 1162 2270; x_wconf 85' lang='lat' dir='ltr'><strong>parvis</strong></span> <span class='ocrx_word' id='word_1_90' title='bbox 1184 2206 1259 2251; x_wconf 86' lang='lat' dir='ltr'><strong>oum</strong></span> <span class='ocrx_word' id='word_1_91' title='bbox 1281 2184 1348 2250; x_wconf 85' lang='lat' dir='ltr'><strong>illis</strong></span> <span class='ocrx_word' id='word_1_92' title='bbox 1370 2207 1448 2250; x_wconf 93' lang='lat' dir='ltr'><strong>con-</strong></span> 
     </span>
     <span class='ocr_line' id='line_1_16' title="bbox 318 2291 1448 2377; baseline 0 -21"><span class='ocrx_word' id='word_1_93' title='bbox 318 2291 540 2356; x_wconf 82' lang='lat' dir='ltr'><strong>venientibus.</strong></span> <span class='ocrx_word' id='word_1_94' title='bbox 585 2291 626 2355; x_wconf 91' lang='lat' dir='ltr'><strong>In</strong></span> <span class='ocrx_word' id='word_1_95' title='bbox 653 2291 776 2357; x_wconf 90' lang='lat' dir='ltr'><strong>cortice</strong></span> <span class='ocrx_word' id='word_1_96' title='bbox 798 2296 990 2356; x_wconf 84' lang='lat' dir='ltr'><strong>transverso</strong></span> <span class='ocrx_word' id='word_1_97' title='bbox 1012 2297 1163 2377; x_wconf 77' lang='lat' dir='ltr'><strong>percocto</strong></span> <span class='ocrx_word' id='word_1_98' title='bbox 1185 2295 1329 2357; x_wconf 87' lang='lat' dir='ltr'><strong>stratum</strong></span> <span class='ocrx_word' id='word_1_99' title='bbox 1352 2291 1448 2356; x_wconf 89' lang='lat' dir='ltr'><strong>subs·</strong></span> 
     </span>
     <span class='ocr_line' id='line_1_17' title="bbox 319 2397 1448 2483; baseline 0.003 -22"><span class='ocrx_word' id='word_1_100' title='bbox 319 2419 412 2462; x_wconf 90' lang='lat' dir='ltr'><strong>reum</strong></span> <span class='ocrx_word' id='word_1_101' title='bbox 458 2402 567 2476; x_wconf 85' lang='lat' dir='ltr'><strong>tenue,</strong></span> <span class='ocrx_word' id='word_1_102' title='bbox 612 2397 865 2483; x_wconf 79' lang='lat' dir='ltr'><strong>griseofusoum‚</strong></span> <span class='ocrx_word' id='word_1_103' title='bbox 912 2399 1052 2464; x_wconf 87' lang='lat' dir='ltr'><strong>maculis</strong></span> <span class='ocrx_word' id='word_1_104' title='bbox 1089 2398 1336 2464; x_wconf 80' lang='lat' dir='ltr'><strong>obscurioribus</strong></span> <span class='ocrx_word' id='word_1_105' title='bbox 1366 2399 1448 2464; x_wconf 88' lang='lat' dir='ltr'><strong>satis</strong></span> 
     </span>
     <span class='ocr_line' id='line_1_18' title="bbox 319 2504 1448 2591; baseline -0.001 -21"><span class='ocrx_word' id='word_1_106' title='bbox 319 2505 496 2591; x_wconf 85' lang='lat' dir='ltr'><strong>conspicue</strong></span> <span class='ocrx_word' id='word_1_107' title='bbox 536 2505 572 2569; x_wconf 91' lang='lat' dir='ltr'><strong>in</strong></span> <span class='ocrx_word' id='word_1_108' title='bbox 613 2505 785 2570; x_wconf 87' lang='lat' dir='ltr'><strong>ordinibus</strong></span> <span class='ocrx_word' id='word_1_109' title='bbox 819 2505 1081 2591; x_wconf 84' lang='lat' dir='ltr'><strong>tangentialibus</strong></span> <span class='ocrx_word' id='word_1_110' title='bbox 1115 2509 1149 2569; x_wconf 91' lang='lat' dir='ltr'><strong>et</strong></span> <span class='ocrx_word' id='word_1_111' title='bbox 1182 2504 1378 2590; x_wconf 87' lang='lat' dir='ltr'><strong>praesertim</strong></span> <span class='ocrx_word' id='word_1_112' title='bbox 1411 2505 1448 2570; x_wconf 91' lang='lat' dir='ltr'><strong>in</strong></span> 
     </span>
     <span class='ocr_line' id='line_1_19' title="bbox 318 2612 1347 2699; baseline 0.001 -23"><span class='ocrx_word' id='word_1_113' title='bbox 318 2618 414 2697; x_wconf 89' lang='lat' dir='ltr'><strong>parte</strong></span> <span class='ocrx_word' id='word_1_114' title='bbox 435 2613 600 2677; x_wconf 88' lang='lat' dir='ltr'><strong>exteriore</strong></span> <span class='ocrx_word' id='word_1_115' title='bbox 621 2633 752 2699; x_wconf 87' lang='lat' dir='ltr'><strong>quoque</strong></span> <span class='ocrx_word' id='word_1_116' title='bbox 774 2612 1018 2698; x_wconf 90' lang='lat' dir='ltr'><strong>quodammodo</strong></span> <span class='ocrx_word' id='word_1_117' title='bbox 1039 2612 1194 2677; x_wconf 89' lang='lat' dir='ltr'><strong>radiatim</strong></span> <span class='ocrx_word' id='word_1_118' title='bbox 1217 2612 1347 2697; x_wconf 88' lang='lat' dir='ltr'><strong>positis.</strong></span> 
     </span>
    </p>

    <p class='ocr_par' dir='ltr' id='par_1_5' title="bbox 363 2717 1284 2804">
     <span class='ocr_line' id='line_1_20' title="bbox 363 2717 1284 2804; baseline 0.002 -22"><span class='ocrx_word' id='word_1_119' title='bbox 363 2717 457 2782; x_wconf 91' lang='lat' dir='ltr'><strong>Odor</strong></span> <span class='ocrx_word' id='word_1_120' title='bbox 478 2718 759 2797; x_wconf 81' lang='lat' dir='ltr'><strong>subaromatious3</strong></span> <span class='ocrx_word' id='word_1_121' title='bbox 784 2740 884 2804; x_wconf 79' lang='lat' dir='ltr'><strong>sapor</strong></span> <span class='ocrx_word' id='word_1_122' title='bbox 906 2720 1111 2797; x_wconf 81' lang='lat' dir='ltr'><strong>euhemerus,</strong></span> <span class='ocrx_word' id='word_1_123' title='bbox 1136 2719 1284 2784; x_wconf 84' lang='lat' dir='ltr'><strong>subaoer.</strong></span> 
     </span>
    </p>

    <p class='ocr_par' dir='ltr' id='par_1_6' title="bbox 317 2823 1447 3102">
     <span class='ocr_line' id='line_1_21' title="bbox 363 2823 1447 2911; baseline 0.004 -23"><span class='ocrx_word' id='word_1_124' title='bbox 363 2823 545 2890; x_wconf 88' lang='lat' dir='ltr'><strong>Decoctum</strong></span> <span class='ocrx_word' id='word_1_125' title='bbox 568 2827 601 2906; x_wconf 94' lang='lat' dir='ltr'><strong>(l</strong></span> <span class='ocrx_word' id='word_1_126' title='bbox 621 2851 654 2886; x_wconf 93' lang='lat'>=</span> <span class='ocrx_word' id='word_1_127' title='bbox 672 2827 707 2908; x_wconf 88' lang='grc'><strong>5)</strong></span> <span class='ocrx_word' id='word_1_128' title='bbox 731 2825 975 2911; x_wconf 82' lang='lat' dir='ltr'><strong>refrigeratum,</strong></span> <span class='ocrx_word' id='word_1_129' title='bbox 996 2826 1116 2892; x_wconf 88' lang='lat' dir='ltr'><strong>deinde</strong></span> <span class='ocrx_word' id='word_1_130' title='bbox 1133 2827 1296 2892; x_wconf 87' lang='lat' dir='ltr'><strong>filtratum</strong></span> <span class='ocrx_word' id='word_1_131' title='bbox 1315 2826 1344 2892; x_wconf 92' lang='lat' dir='ltr'><strong>si</strong></span> <span class='ocrx_word' id='word_1_132' title='bbox 1363 2828 1447 2892; x_wconf 86' lang='lat' dir='ltr'><strong>cale-</strong></span> 
     </span>
     <span class='ocr_line' id='line_1_22' title="bbox 317 2930 1447 3020; baseline 0.004 -26"><span class='ocrx_word' id='word_1_133' title='bbox 317 2930 384 3008; x_wconf 87' lang='lat' dir='ltr'><strong>fiet,</strong></span> <span class='ocrx_word' id='word_1_134' title='bbox 419 2930 517 2995; x_wconf 87' lang='lat' dir='ltr'><strong>valde</strong></span> <span class='ocrx_word' id='word_1_135' title='bbox 549 2931 719 3010; x_wconf 89' lang='lat' dir='ltr'><strong>turbetur;</strong></span> <span class='ocrx_word' id='word_1_136' title='bbox 752 2932 875 2998; x_wconf 86' lang='lat' dir='ltr'><strong>iterum</strong></span> <span class='ocrx_word' id='word_1_137' title='bbox 910 2932 1145 3020; x_wconf 79' lang='lat' dir='ltr'><strong>refrigeratum</strong></span> <span class='ocrx_word' id='word_1_138' title='bbox 1180 2932 1352 2999; x_wconf 87' lang='lat' dir='ltr'><strong>turbatum</strong></span> <span class='ocrx_word' id='word_1_139' title='bbox 1375 2955 1447 2999; x_wconf 88' lang='lat' dir='ltr'><strong>esse</strong></span> 
     </span>
     <span class='ocr_line' id='line_1_23' title="bbox 318 3036 532 3102; baseline 0.005 -1"><span class='ocrx_word' id='word_1_140' title='bbox 318 3036 452 3102; x_wconf 87' lang='lat' dir='ltr'><strong>desinit.</strong></span> <span class='ocrx_word' id='word_1_141' title='bbox 529 3055 532 3062; x_wconf 57' lang='lat'><strong>⁴</strong></span> 
     </span>
    </p>
   </div>
   <div class='ocr_carea' id='block_1_5' title="bbox 429 3497 1249 3598">
    <p class='ocr_par' dir='ltr' id='par_1_7' title="bbox 429 3497 1249 3598">
     <span class='ocr_line' id='line_1_24' title="bbox 429 3497 1249 3598; baseline 0.001 -3"><span class='ocrx_word' id='word_1_142' title='bbox 429 3497 480 3595; x_wconf 90' lang='lat'>÷</span> <span class='ocrx_word' id='word_1_143' title='bbox 513 3499 699 3596; x_wconf 73' lang='lat' dir='ltr'><strong>cortex</strong></span> <span class='ocrx_word' id='word_1_144' title='bbox 738 3501 765 3596; x_wconf 78' lang='lat' dir='ltr'>f</span> <span class='ocrx_word' id='word_1_145' title='bbox 777 3513 961 3598; x_wconf 81' lang='lat' dir='ltr'><strong>ructus</strong></span> <span class='ocrx_word' id='word_1_146' title='bbox 994 3503 1249 3598; x_wconf 73' lang='lat' dir='ltr'><strong>lucentii.</strong></span> 
     </span>
    </p>
   </div>
   <div class='ocr_carea' id='block_1_6' title="bbox 665 3679 1097 3751">
    <p class='ocr_par' dir='ltr' id='par_1_8' title="bbox 665 3679 1097 3751">
     <span class='ocr_line' id='line_1_25' title="bbox 665 3679 1097 3751; baseline 0.005 -3"><span class='ocrx_word' id='word_1_147' title='bbox 665 3679 797 3748; x_wconf 78' lang='lat' dir='ltr'><strong>Cortex</strong></span> <span class='ocrx_word' id='word_1_148' title='bbox 821 3680 1097 3751; x_wconf 76' lang='lat' dir='ltr'><strong>Aumntlornm.</strong></span> 
     </span>
    </p>
   </div>
   <div class='ocr_carea' id='block_1_7' title="bbox 317 3819 1448 4121">
    <p class='ocr_par' dir='ltr' id='par_1_9' title="bbox 317 3819 1448 4121">
     <span class='ocr_line' id='line_1_26' title="bbox 362 3819 1448 3909; baseline 0.004 -25"><span class='ocrx_word' id='word_1_149' title='bbox 362 3819 476 3885; x_wconf 87' lang='lat' dir='ltr'><strong>Strata</strong></span> <span class='ocrx_word' id='word_1_150' title='bbox 507 3821 606 3886; x_wconf 88' lang='lat' dir='ltr'><strong>ambo</strong></span> <span class='ocrx_word' id='word_1_151' title='bbox 639 3827 788 3888; x_wconf 88' lang='lat' dir='ltr'><strong>extrema</strong></span> <span class='ocrx_word' id='word_1_152' title='bbox 820 3821 989 3889; x_wconf 81' lang='lat' dir='ltr'><strong>fructuum</strong></span> <span class='ocrx_word' id='word_1_153' title='bbox 1023 3830 1232 3889; x_wconf 89' lang='lat' dir='ltr'><strong>maturorum</strong></span> <span class='ocrx_word' id='word_1_154' title='bbox 1266 3845 1350 3909; x_wconf 86' lang='lat' dir='ltr'><strong>quos</strong></span> <span class='ocrx_word' id='word_1_155' title='bbox 1380 3823 1448 3888; x_wconf 87' lang='lat' dir='ltr'><strong>fert</strong></span> 
     </span>
     <span class='ocr_line' id='line_1_27' title="bbox 317 3924 1446 4016; baseline 0.002 -24"><span class='ocrx_word' id='word_1_156' title='bbox 317 3924 468 3993; x_wconf 84' lang='lat' dir='ltr'><strong>Oitrus</strong></span> <span class='ocrx_word' id='word_1_157' title='bbox 488 3927 696 4014; x_wconf 85' lang='lat' dir='ltr'><strong>vulgaris,</strong></span> <span class='ocrx_word' id='word_1_158' title='bbox 721 3931 833 4007; x_wconf 60' lang='lat' dir='ltr'><strong>Ruso</strong></span> <span class='ocrx_word' id='word_1_159' title='bbox 857 3931 893 3994; x_wconf 93' lang='lat' dir='ltr'><strong>in</strong></span> <span class='ocrx_word' id='word_1_160' title='bbox 916 3931 1003 3995; x_wconf 86' lang='lat' dir='ltr'><strong>Ann.</strong></span> <span class='ocrx_word' id='word_1_161' title='bbox 1027 3931 1113 3995; x_wconf 87' lang='lat' dir='ltr'><strong>Mus.</strong></span> <span class='ocrx_word' id='word_1_162' title='bbox 1138 3931 1211 3996; x_wconf 88' lang='lat' dir='ltr'><strong>Par.</strong></span> <span class='ocrx_word' id='word_1_163' title='bbox 1236 3931 1308 3996; x_wconf 86' lang='lat' dir='ltr'><strong>XX.</strong></span> <span class='ocrx_word' id='word_1_164' title='bbox 1328 3932 1446 4016; x_wconf 88' lang='lat'>(1813)</span> 
     </span>
     <span class='ocr_line' id='line_1_28' title="bbox 318 4035 1091 4121; baseline 0.006 -24"><span class='ocrx_word' id='word_1_165' title='bbox 318 4036 391 4111; x_wconf 89' lang='grc'>190,</span> <span class='ocrx_word' id='word_1_166' title='bbox 415 4035 450 4098; x_wconf 90' lang='lat' dir='ltr'><strong>in</strong></span> <span class='ocrx_word' id='word_1_167' title='bbox 474 4040 647 4121; x_wconf 83' lang='lat' dir='ltr'><strong>segmenta</strong></span> <span class='ocrx_word' id='word_1_168' title='bbox 669 4039 689 4101; x_wconf 81' lang='lat'><em>4</em></span> <span class='ocrx_word' id='word_1_169' title='bbox 712 4035 782 4102; x_wconf 85' lang='lat' dir='ltr'><strong>fere</strong></span> <span class='ocrx_word' id='word_1_170' title='bbox 805 4037 952 4121; x_wconf 88' lang='lat' dir='ltr'><strong>elliptica</strong></span> <span class='ocrx_word' id='word_1_171' title='bbox 973 4037 1091 4102; x_wconf 89' lang='lat' dir='ltr'><strong>divisa.</strong></span> 
     </span>
    </p>
   </div>
   <div class='ocr_carea' id='block_1_8' title="bbox 362 4196 1444 4284">
    <p class='ocr_par' dir='ltr' id='par_1_10' title="bbox 362 4196 1444 4284">
     <span class='ocr_line' id='line_1_29' title="bbox 362 4196 1444 4284; baseline 0.003 -25"><span class='ocrx_word' id='word_1_172' title='bbox 362 4196 455 4261; x_wconf 84' lang='lat' dir='ltr'><strong>Haec</strong></span> <span class='ocrx_word' id='word_1_173' title='bbox 476 4201 649 4281; x_wconf 85' lang='lat' dir='ltr'><strong>segmenta</strong></span> <span class='ocrx_word' id='word_1_174' title='bbox 670 4197 865 4264; x_wconf 88' lang='lat' dir='ltr'><strong>centimetra</strong></span> <span class='ocrx_word' id='word_1_175' title='bbox 890 4198 997 4264; x_wconf 85' lang='lat' dir='ltr'><strong>5ed8</strong></span> <span class='ocrx_word' id='word_1_176' title='bbox 1021 4198 1132 4284; x_wconf 75' lang='lat' dir='ltr'><strong>longa,</strong></span> <span class='ocrx_word' id='word_1_177' title='bbox 1156 4199 1226 4264; x_wconf 88' lang='lat' dir='ltr'><strong>lata</strong></span> <span class='ocrx_word' id='word_1_178' title='bbox 1247 4199 1444 4265; x_wconf 86' lang='lat' dir='ltr'><strong>centimetra</strong></span> 
     </span>
    </p>
   </div>
   <div class='ocr_carea' id='block_1_9' title="bbox 0 0 1770 5026">
    <p class='ocr_par' dir='ltr' id='par_1_11' title="bbox 0 0 1770 5026">
     <span class='ocr_line' id='line_1_30' title="bbox 0 0 1770 5026; baseline 0 2"><span class='ocrx_word' id='word_1_179' title='bbox 0 0 1770 5026; x_wconf 95' lang='lat' dir='ltr'><strong> </strong></span> 
     </span>
    </p>
   </div>
  </div>
 </body>
</html>
