3544 5050
839 474 903 539 417

303 668 412 734 turico
442 690 526 733 neve
549 668 782 754 suliohydrate
805 668 992 733 ammonico
1015 690 1099 732 neve
1123 669 1246 734 nitrate
1268 669 1439 754 argentino

303 776 447 861 speciem
471 781 595 854 mutet;
616 797 683 841 una
702 797 777 841 cum
790 776 968 840 carbonate
983 776 1113 840 natrico
1125 775 1314 852 calefactae,
1329 775 1437 840 clarus

303 883 348 948 sit
370 904 454 947 neve
477 904 539 967 gaz
562 882 748 947 ammoniae
772 881 916 947 emittet.

347 989 416 1054 Gan
439 989 550 1054 oriens
573 1012 591 1054 e
614 990 700 1055 zinci
723 989 834 1054 frusto
856 994 1014 1074 reagente
1038 989 1073 1052 in
1095 989 1276 1054 commixta
1290 988 1437 1074 pulveris

303 1094 445 1161 Snlfetis
478 1096 580 1161 kalici
614 1102 802 1182 grammata
828 1099 846 1160 2
870 1101 903 1161 et
926 1095 1014 1160 acidi
1036 1095 1190 1161 sufuriei
1213 1095 1312 1160 diluti
1334 1095 1437 1160 centi-

303 1208 409 1266 metra
444 1202 558 1268 cubica
589 1206 630 1267 10
653 1204 804 1269 chartam
828 1203 984 1280 bibulam,
1020 1203 1171 1268 chloreto
1194 1202 1437 1288 hydrargyrico

302 1308 531 1387 madefactam,
557 1309 678 1376 flavam
701 1332 743 1374 ne
765 1309 884 1374 reddat
907 1310 996 1374 intra
1015 1310 1434 1395 horaepartemquartam.

591 1841 769 1938 siuas
804 1844 1150 1962 mannesicus.

741 2019 998 2107 Mgso,.7H,O.

348 2162 516 2248 Crystalla
538 2163 660 2241 tenuia,
685 2163 802 2241 nitida,
815 2163 937 2228 coloris
949 2163 1108 2249 expertia,
1121 2161 1290 2242 rhombus,
1305 2163 1434 2249 saporis

301 2271 405 2335 amari
427 2275 462 2336 et
484 2270 636 2348 subsalsi,
661 2291 746 2355 quae
769 2270 878 2334 calore
897 2269 1115 2354 liquescentis
1127 2291 1247 2355 aquam
1259 2271 1433 2334 exsudant.

303 2375 417 2441 Sulfas
440 2376 649 2462 magnesicus
671 2376 708 2439 in
730 2398 836 2461 aquae
847 2381 942 2461 parte
957 2379 1007 2454 1,5
1021 2375 1173 2454 solvitur,
1186 2377 1222 2440 in
1234 2377 1356 2463 spiritu
1367 2399 1434 2442 non

301 2483 453 2549 solvitur.

346 2588 461 2655 Sulfas
473 2589 683 2674 magnesicus
695 2590 730 2653 in
742 2611 828 2675 aqua
840 2592 873 2673 (1
889 2615 922 2649 =
937 2591 994 2672 20)
1005 2590 1145 2668 solutus,
1158 2589 1282 2655 additis
1294 2589 1435 2655 ebioreti

300 2697 478 2761 ammonici
490 2701 523 2761 et
533 2696 719 2761 ammoniae
731 2696 918 2781 quantitate
930 2695 1051 2760 idonea
1058 2701 1092 2760 et
1101 2697 1287 2782 phosphate
1295 2699 1433 2776 natrico,

300 2801 554 2888 praecipitatum
584 2802 706 2879 album,
738 2802 969 2888 crystallinum
989 2802 1145 2887 deponit3
1172 2803 1289 2868 addito
1312 2805 1435 2870 nitratc

300 2909 460 2994 berytico‚
485 2909 740 2994 praecipitatum
763 2909 886 2987 album,
910 2908 998 2994 quod
1022 2909 1058 2972 in
1081 2909 1176 2974 acido
1191 2910 1313 2976 nitrico
1326 2910 1435 2976 diluto

301 3036 370 3079 non
392 3015 545 3079 solvitur.
1416 2998 1420 3008 ¹

345 3121 456 3187 Sulsas
479 3122 688 3207 magnesicus
710 3123 746 3186 in
769 3144 855 3207 aque
873 3125 906 3204 (1
922 3148 956 3181 =
971 3123 1028 3204 20)
1040 3122 1170 3186 solutus
1181 3124 1301 3201 clarus,
1315 3125 1435 3190 colon's

301 3249 428 3313 expers,
453 3228 606 3293 neutrius
628 3229 807 3293 reactionis
820 3227 879 3308 sit;
904 3227 1019 3293 addito
1043 3228 1138 3293 acido
1150 3229 1432 3314 hydrosuliurico,

301 3356 342 3398 ne
365 3335 551 3399 ammoniae
564 3335 670 3420 guttis
683 3338 702 3398 2
713 3334 845 3419 quidem
858 3335 995 3419 insuper
1006 3334 1140 3410 additis,
1153 3335 1296 3420 speciem
1309 3342 1433 3415 mutet;

301 3441 419 3518 soluta,
443 3462 549 3526 aquae
572 3440 646 3525 pari
667 3441 837 3504 volumine
860 3440 976 3517 diluta,
990 3440 1106 3505 addito
1119 3441 1240 3506 nitrate
1252 3444 1432 3528 argentico,

301 3547 388 3612 clam
411 3547 480 3612 sint
502 3569 562 3632 per
581 3547 682 3612 horae
705 3551 835 3632 partem
859 3568 926 3610 non
949 3547 1059 3612 minue
1079 3554 1178 3633 quam
1191 3547 1431 3614 duodecimam.

346 3653 454 3718 Mixto
477 3652 619 3718 Sulfatis
642 3653 823 3738 magnesici
834 3675 986 3738 gramma
1000 3657 1029 3730 1,
1042 3653 1146 3739 oxydi
1158 3654 1272 3719 celcici
1283 3675 1433 3740 gramma

303 3763 331 3838 1,
355 3781 460 3845 aquae
482 3761 678 3826 centimetra
700 3759 816 3825 cubica
841 3762 859 3823 2
884 3759 1030 3824 contrite
1052 3761 1081 3824 si
1104 3781 1179 3824 eum
1202 3782 1307 3846 aquae
1330 3762 1433 3825 centi-

301 3866 416 3931 metris
435 3865 560 3931 cubicis
583 3869 604 3929 4
626 3872 662 3932 et
686 3867 824 3951 spiritus
848 3865 1053 3930 centimetrie
1075 3865 1200 3931 cubicis
1223 3868 1242 3931 6
1263 3869 1432 3951 perhoras

302 3974 320 4034 2
343 3970 537 4058 frequenter
558 3977 787 4058 conquassata,
807 3971 928 4036 deinde
940 3973 1077 4056 spiritus
1089 3973 1295 4038 centimetris
1307 3974 1432 4039 cubicis

302 4079 345 4142 20
368 4078 474 4143 mixta
496 4084 604 4156 erunt,
627 4077 766 4164 liquoris
781 4079 829 4142 ita
840 4077 948 4163 parati
959 4077 1086 4143 filtrata
1097 4078 1246 4145 chartam
1259 4100 1433 4144 curcumoe

301 4185 410 4248 colore
431 4184 534 4249 rubro
557 4207 599 4248 ne
621 4183 771 4249 inficiant
794 4184 977 4269 (cloeliae).

1349 4343 1384 4394 20
