3584 5026
796 491 799 498 ’
843 528 907 591 199

313 720 436 786 dionali
448 721 598 799 oriunda,
608 721 742 786 nemine
751 722 1002 800 „Pararubbcr”
1010 728 1100 801 nota,
1109 723 1163 788 vel
1175 725 1330 814 materies
1339 746 1443 811 aeque

313 827 408 906 bona,
435 829 544 913 qualis
567 850 595 896 e.
609 849 641 914 g.
665 829 700 892 in
723 829 822 893 India
845 828 1011 894 Orientali
1032 829 1066 894 N
1068 829 1443 917 ederlandicaeplantis

312 935 410 1000 cultis
433 940 572 1021 paratur
594 936 647 1000 vel
671 957 688 1000 e
711 943 832 1021 sponte
855 958 915 1001 sua
938 936 1163 1002 crescentibus
1186 939 1364 1025 colligitur.

356 1097 552 1182 Plerumque
576 1097 728 1175 laminae,
752 1118 884 1163 crassae
902 1099 1099 1164 centimetra
1117 1099 1160 1164 ad
1174 1102 1202 1177 2,
1217 1104 1313 1165 extm
1324 1101 1445 1166 coloris

312 1201 398 1268 lusci
416 1204 469 1268 vel
488 1203 565 1285 atri,
580 1204 670 1268 intra
690 1203 795 1269 multo
815 1205 972 1284 clarioris,
990 1227 1096 1292 usque
1115 1205 1157 1271 ad
1170 1207 1303 1272 sordide
1315 1207 1444 1286 album;

312 1309 460 1388 laminas,
485 1311 514 1374 si
534 1315 723 1376 transverse
735 1317 904 1396 persectae
916 1318 1004 1390 sunt,
1017 1318 1171 1379 constare
1182 1318 1321 1400 apparet
1333 1314 1446 1380 stratis

311 1416 527 1502 regularibus,
548 1417 723 1504 parallelis,
738 1418 902 1496 tenuibus,
915 1419 1111 1504 quisquilias
1123 1442 1191 1485 non
1202 1420 1445 1486 exhibentibus.

355 1524 514 1590 Materies
547 1525 704 1602 coriacca,
740 1525 839 1589 simul
873 1525 1021 1606 elastica,
1052 1531 1145 1593 tactu
1177 1527 1285 1592 larido
1317 1527 1443 1605 similis,

312 1651 395 1716 quae
424 1631 460 1695 in
490 1653 577 1718 aqua
601 1637 707 1710 natat,
731 1632 766 1695 in
788 1654 876 1718 aqua
898 1632 1070 1699 ebullienti
1093 1634 1201 1718 magis
1224 1634 1361 1700 elastica
1384 1655 1445 1700 nec

313 1742 422 1803 temen
445 1738 615 1824 glutinosa
637 1760 744 1824 neque
766 1738 810 1803 ad
828 1739 1034 1825 depsendum
1053 1738 1182 1818 idonea,
1199 1740 1319 1805 caloris
1332 1744 1444 1805 autem

312 1844 417 1928 gradu
450 1844 530 1909 1200
559 1845 656 1910 valde
686 1846 856 1930 glutinosa
888 1846 926 1912 tit
949 1850 985 1911 at
1007 1869 1049 1912 ne
1072 1847 1179 1932 gradu
1205 1847 1285 1912 180⁰
1310 1847 1444 1932 quidem

313 1955 384 2016 tota
405 1951 569 2038 liquescit.

356 2057 449 2122 Odor
471 2058 635 2143 proprius,
660 2057 755 2123 odori
777 2059 928 2126 kreosoti
951 2059 1196 2146 quodammodo
1219 2059 1347 2126 similis.

355 2163 396 2227 In
419 2163 654 2242 chloroformo,
674 2165 710 2229 in
723 2165 842 2231 sulfido
853 2166 1039 2246 carbonico,
1053 2168 1088 2231 in
1100 2167 1249 2245 bennolo,
1262 2168 1298 2231 in
1309 2169 1444 2233 aethere

312 2271 452 2354 petrolci
481 2271 616 2336 Gummi
647 2271 819 2338 clasticum
849 2273 992 2339 maxime
1022 2274 1179 2340 tumescit
1204 2273 1240 2337 in
1262 2275 1444 2359 gelatinam

313 2377 523 2462 perlucidam,
559 2379 595 2442 in
628 2399 703 2464 qua,
731 2380 759 2443 si
781 2402 834 2445 res
858 2387 910 2446 est
932 2402 1008 2446 cum
1030 2381 1164 2446 Gummi
1188 2381 1324 2446 elastico
1348 2381 1443 2457 Para,

311 2469 417 2549 strata
452 2485 559 2570 prima
593 2485 767 2571 perspicua
801 2492 889 2566 sunt,
925 2508 1074 2574 quaeque
1109 2487 1190 2552 trita
1224 2486 1277 2551 vel
1311 2485 1447 2551 fortiter

312 2597 469 2676 quassata
502 2612 577 2656 cum
605 2593 753 2671 materia,
785 2594 820 2657 in
851 2615 916 2680 qua
946 2594 1080 2659 Gummi
1103 2593 1276 2658 elastieum
1299 2593 1444 2658 solutum

312 2703 372 2776 est,
396 2698 549 2784 iungitur
571 2699 607 2762 in
629 2699 862 2785 mucilaginem
885 2702 1035 2788 spissam.

356 2805 491 2870 Gummi
513 2806 641 2872 elastici
663 2808 859 2892 grammatis
880 2812 897 2872 1
918 2808 1042 2875 concisi
1061 2813 1096 2873 et
1114 2807 1233 2873 caloris
1245 2806 1352 2892 gradu
1366 2805 1445 2870 100⁰

313 2912 435 2990 siccati,
468 2916 540 2977 tum
571 2934 630 2998 per
660 2914 777 2979 horam
810 2920 826 2979 1
858 2916 1008 2981 concocti
1038 2937 1113 2981 cum
1148 2915 1268 2980 solutis
1291 2913 1445 3000 hydratis

312 3017 411 3085 kalici
441 3020 636 3104 grammatis
669 3023 687 3084 2
718 3021 753 3085 in
776 3022 937 3088 alcoholis
959 3022 1104 3087 absoluti
1128 3020 1333 3087 centimetris
1354 3018 1445 3085 eubi-

312 3125 358 3189 cis
383 3127 434 3202 20,
459 3125 578 3190 deinde
601 3126 784 3192 idenditem
803 3150 863 3214 per
881 3151 1001 3214 aquam
1020 3129 1157 3205 excocti,
1170 3127 1312 3213 denique
1324 3126 1445 3192 caloris

313 3233 419 3316 gradu
451 3232 532 3298 100⁰
562 3234 676 3300 siccati
706 3236 837 3320 pondus
867 3257 909 3300 ne
939 3235 1149 3299 deminutum
1179 3235 1225 3299 sit
1247 3233 1322 3318 plus
1345 3254 1445 3318 quam

314 3338 591 3424 milligrammatis
617 3344 697 3419 1003
720 3341 831 3428 liquor
852 3342 1054 3408 alcoholicus
1076 3341 1154 3406 inde
1176 3340 1316 3405 delusus
1329 3338 1445 3404 addito

314 3450 440 3510 aestate
459 3447 626 3532 plumbico
646 3469 688 3512 ne
704 3449 872 3514 coloretur
882 3450 1023 3534 &ammi
1034 3449 1203 3513 elasticum
1214 3446 1444 3530 adsumtum).

357 3551 490 3617 Gummi
513 3553 685 3618 elasticum
709 3555 919 3620 combustum
938 3555 1059 3631 cineris
1079 3576 1122 3619 ne
1134 3553 1210 3640 plus
1221 3573 1321 3638 quam
1333 3554 1446 3635 partes

314 3659 509 3725 centesimas
534 3663 555 3724 8
578 3661 753 3746 relinquat.

359 3793 389 3856 A
419 3793 515 3858 lucc
546 3801 765 3873 remotum,
798 3793 876 3859 sub
907 3816 1015 3880 aqua
1047 3799 1260 3858 servetur.
