3466 5038
872 509 915 572 66

374 702 412 770 Si
434 724 539 790 eques
562 701 796 766 centimetrum
818 701 1009 767 cubicorum
1034 707 1053 768 5
1077 725 1152 768 cum
1175 702 1374 770 Gurbonetis
1394 705 1459 772 bis·

329 809 470 880 muthici
500 809 604 874 basici
627 809 905 895 milligremmstis
929 813 994 875 500
1017 816 1314 896 conquessotorum
1335 812 1460 877 filtroto

330 919 449 984 solutis
483 917 748 1003 diphenylsmini
777 917 1057 1003 milligrsmmstis
1089 922 1108 982 5
1140 919 1176 982 in
1199 919 1285 982 ccidi
1307 919 1459 986 sulfurici

329 1023 534 1091 centimetris
556 1024 681 1090 cubicis
704 1028 723 1089 5
748 1024 1004 1110 superimposito
1026 1029 1134 1104 erunt,
1165 1030 1309 1091 stratum
1332 1028 1460 1092 confine

329 1131 516 1198 coeruleum
538 1152 581 1195 ne
603 1131 672 1196 fist.

374 1237 574 1304 Cerbonstis
597 1236 788 1303 bismuthici
810 1239 913 1304 besiei
935 1244 1119 1325 grummete
1144 1244 1160 1304 1
1185 1241 1221 1305 in
1243 1241 1330 1306 scidi
1348 1242 1459 1307 uitrici

330 1344 535 1412 centimetris
558 1344 681 1410 cubicis
706 1349 725 1410 5
748 1347 869 1424 solute,
904 1346 1027 1412 additis
1051 1369 1156 1433 cquae
1178 1348 1383 1415 centimetris
1405 1372 1459 1415 cu-

287 1485 293 1496 ·
330 1452 413 1519 bicis
447 1455 489 1517 50
524 1456 559 1517 et
592 1451 783 1518 curbonutis
816 1453 937 1519 nutrici
962 1459 1057 1519 tento
1080 1455 1269 1540 quontitate
1290 1461 1329 1521 ut
1351 1456 1460 1542 liquor

329 1557 509 1625 resctionis
532 1558 631 1623 modo
653 1561 774 1624 leviter
796 1559 909 1625 scidee
928 1561 973 1625 sit
992 1565 1026 1625 et
1037 1562 1292 1648 praecipitatum
1303 1569 1460 1629 constans

330 1667 507 1744 exstiterit,
531 1671 603 1732 tum
626 1667 750 1733 additis
772 1667 912 1732 sectetis
922 1666 1044 1733 notrici
1055 1667 1260 1733 centimetris
1271 1668 1395 1734 cubicis
1407 1672 1458 1746 25,

330 1796 405 1840 cum
428 1773 548 1839 deinde
570 1795 631 1858 per
653 1774 754 1839 horse
777 1780 906 1860 portem
927 1780 1079 1860 quartem
1095 1779 1225 1840 coctum
1237 1775 1309 1853 erit,
1322 1775 1460 1861 liquoris

330 1883 379 1946 itu
412 1880 519 1966 peruti
547 1880 673 1946 filtreis
703 1880 1051 1947 uddito'bichromste
1085 1881 1196 1946 kslico
1219 1903 1262 1946 ne
1284 1882 1462 1948 turbentur

330 1988 543 2074 (plumbum).

377 2092 576 2160 Cerbouetis
610 2093 803 2160 bismnthici
836 2095 939 2161 bnsiei
961 2097 1156 2181 grummutis
1181 2100 1197 2160 1
1222 2117 1290 2161 une
1312 2117 1387 2161 cum
1409 2116 1461 2160 so·

331 2201 470 2266 lutionis
508 2199 660 2285 hydrstis
699 2201 820 2267 nutrici
859 2202 1064 2269 centimetris
1097 2202 1221 2268 cubicis
1256 2205 1275 2267 5
1309 2201 1461 2267 calefacti

331 2327 438 2393 vspor
458 2307 609 2373 chortem
632 2308 890 2394 exploratorism
912 2310 1047 2375 rubrum
1069 2309 1254 2375 caeruleam
1272 2331 1314 2374 ne
1332 2308 1460 2374 reddat.

376 2414 445 2480 Gor
468 2414 578 2480 oriens
600 2437 619 2479 e
642 2415 726 2480 zinci
749 2414 860 2482 frusto
882 2423 1039 2503 reegente
1061 2417 1097 2482 in
1117 2415 1316 2482 Carbonetis
1338 2415 1462 2480 bismu·

332 2521 415 2586 thici
437 2521 542 2586 busici
564 2521 835 2608 milligrsmmutc
858 2526 922 2588 500
945 2523 1057 2589 solutu
1070 2524 1107 2589 in
1118 2521 1461 2609 acidihydrocbloriei

332 2626 431 2692 diluti
465 2627 671 2694 centimetris
705 2629 829 2695 cubicis
865 2632 906 2694 10
940 2631 1089 2696 ohortum
1120 2630 1277 2708 bibulum,
1312 2629 1461 2694 chloreto

332 2733 575 2819 hydrargyrico
609 2734 840 2814 madefactum,
876 2735 998 2802 flavam
1031 2759 1073 2803 ne
1107 2735 1226 2802 reddet
1247 2737 1337 2803 intro
1360 2737 1462 2801 horse

331 2844 460 2925 purtem
483 2846 646 2926 quartem.

378 2945 550 3014 Cerbonss
591 2948 811 3015 bismuthicus
845 2950 976 3016 basicus
1010 2951 1224 3018 candefactus
1259 2951 1362 3036 oxydi
1396 2950 1461 3016 bis·

332 3054 472 3121 muthiei
494 3059 607 3140 portes
630 3057 828 3122 centesimas
852 3059 895 3122 85
918 3057 961 3122 ed
986 3059 1027 3122 90
1051 3059 1227 3144 relinquet.

617 3462 886 3560 turberes
925 3465 1179 3560 celricus.

596 3641 718 3726 Oscos
742 3642 872 3707 rstione
896 3643 1041 3708 chemice
1064 3649 1210 3728 pur-stus.

380 3783 494 3849 Pulvis
516 3783 695 3849 edmodum
719 3784 823 3863 albus,
848 3785 967 3863 tenuis,
987 3785 1314 3871 microcrystsllinus.
1338 3783 1463 3850 Carbo-

334 3912 396 3955 nss
418 3890 559 3956 colcicue
582 3891 618 3955 in
640 3913 727 3977 equs
749 3890 821 3956 fere
842 3914 911 3956 non
933 3892 1219 3971 solvitur3eddito
1232 3891 1326 3957 acido
1338 3892 1463 3957 ucetico

335 3996 452 4076 diluto,
487 3997 671 4084 dioxydum
704 3998 916 4064 corbonicum
947 4000 1111 4076 emittens,
1143 4000 1305 4085 liquorem
1327 4000 1461 4076 clerum,

335 4104 456 4169 coloris
479 4109 649 4190 expertem
672 4106 817 4190 praebet,
840 4105 877 4170 in
900 4128 966 4190 quo
986 4106 1101 4171 cddito
1123 4107 1256 4172 exoleto
1277 4105 1463 4170 cmmonico

335 4211 590 4297 praecipitatum
613 4211 725 4276 album
747 4213 934 4298 deponitur.
