3544 5050
817 481 819 486 ¹
866 523 930 589 111

750 829 1047 922 1111111111.

374 1041 563 1120 (tincturae,
595 1041 661 1106 nisi
684 1041 803 1107 modus
825 1046 937 1108 certus
959 1041 1186 1129 praescriptus
1209 1043 1281 1121 erit,
1305 1046 1466 1128 parentur

331 1153 390 1213 1111
412 1148 612 1235 percolendo
634 1153 695 1213 1111
716 1149 923 1214 macerando.

376 1255 579 1321 Percolando
613 1255 660 1320 ita
683 1259 863 1342 parentur:
897 1255 1061 1321 Elementi
1084 1255 1120 1320 in
1143 1256 1314 1343 pulverem
1337 1255 1465 1321 redacti

329 1367 388 1427 out
411 1363 545 1441 concisi,
569 1362 846 1448 quemadmodum
869 1363 1111 1449 praescriptum
1135 1363 1208 1441 erit,
1232 1363 1464 1449 111111131ρί-

330 1469 416 1534 ritus
431 1474 501 1534 tam
512 1468 621 1548 fortis,
635 1491 735 1555 quam
746 1470 988 1556 praescriptum
1000 1471 1073 1549 erit,
1087 1469 1240 1555 partibus
1255 1471 1274 1533 2
1287 1471 1442 1535 humecto
1456 1488 1463 1547 ;

332 1576 436 1641 mixta
454 1581 607 1642 accurate
623 1577 733 1663 depse,
747 1577 867 1642 deinde
879 1599 939 1662 per
950 1577 1049 1642 horas
1064 1580 1104 1640 12
1118 1578 1153 1641 in
1165 1599 1244 1642 vase
1256 1577 1340 1642 bene
1352 1577 1464 1641 clauso

331 1704 469 1746 macera.
494 1683 640 1748 Massam
659 1683 791 1770 saepius
813 1683 933 1749 leviter
944 1684 1165 1770 comprimens
1177 1683 1212 1747 in
1224 1684 1464 1770 percolatorem

330 1789 462 1854 inmitte
496 1795 595 1875 atque
630 1795 724 1855 tanta
757 1791 946 1876 quantitate
979 1790 1117 1876 spiritus
1140 1797 1210 1855 tam
1233 1789 1341 1868 fortis,
1365 1812 1465 1876 quem

331 1897 572 1983 praescriptum
606 1897 679 1972 erit,
714 1897 929 1984 superfunde,
961 1902 998 1962 ut
1024 1897 1134 1983 liquor
1156 1897 1304 1962 defluere
1326 1896 1464 1983 incipiat

331 2008 364 2068 et
399 2010 509 2067 m'assa
541 2002 679 2088 liquoris
706 2008 813 2069 strato
835 2004 930 2069 tenui
953 2002 1061 2069 adhuc
1084 2008 1201 2090 operta
1224 2005 1278 2069 sit.
1314 2003 1464 2069 Pereola-

330 2113 438 2174 torem
472 2109 620 2174 clausum
643 2131 703 2197 per
726 2111 826 2176 horas
851 2113 892 2175 24
915 2133 1048 2197 sepone.
1092 2111 1158 2176 Fac
1180 2110 1291 2197 liquor
1313 2111 1463 2176 stillatim

330 2215 459 2281 defluat
493 2221 527 2281 et
561 2216 699 2303 spiritus
732 2219 954 2305 quantitatem
977 2219 1217 2306 praescriptam
1239 2217 1463 2305 particulatim

331 2322 365 2386 in
402 2323 643 2408 percolatorem
676 2325 818 2391 inmitte.
873 2324 958 2391 Cum
991 2326 1100 2411 liquor
1133 2324 1282 2390 defluere
1316 2323 1462 2402 desierit,

330 2449 414 2513 quae
448 2430 636 2516 porculator
669 2431 818 2497 continet
853 2433 1001 2520 exprime
1034 2437 1134 2518 atque
1160 2432 1306 2517 liquores
1329 2431 1462 2510 mixtos,

331 2557 406 2601 cum
425 2558 485 2623 per
514 2536 586 2602 dics
611 2540 630 2601 2
653 2537 726 2603 1010
749 2535 874 2622 lrigido
898 2537 1095 2623 quieverint,
1120 2535 1222 2614 filtra,
1247 2558 1326 2602 cura
1349 2535 1464 2600 habito

331 2648 368 2708 ut
390 2664 491 2728 quom
513 2643 687 2708 minimum
710 2649 919 2730 evaporatur.

375 2747 750 2817 Mecerandotincturae
762 2749 810 2815 ita
821 2755 996 2837 parentur:
1023 2749 1232 2814 Elementum
1247 2750 1283 2814 in
1293 2749 1464 2835 pulverem

330 2856 500 2922 redactum
534 2863 592 2923 aut
622 2857 800 2936 concisum,
825 2857 1102 2943 quemadmodum
1124 2856 1366 2943 praescriptum
1389 2854 1462 2934 erit,

330 2963 468 3048 spiritus
502 2985 541 3030 ea
577 2965 775 3051 quantitate,
811 2987 895 3051 quae
914 2965 1120 3051 praescripto
1142 2965 1216 3040 erit,
1240 2961 1462 3049 superfunde;

330 3069 523 3155 frequenter
549 3091 711 3155 quassans
744 3093 764 3134 a
797 3071 869 3136 luce
903 3074 1068 3135 remotum
1101 3092 1161 3157 per
1191 3070 1262 3134 dies
1287 3073 1306 3133 5
1330 3089 1462 3154 sepone,

330 3176 411 3254 cola,
443 3176 601 3262 exprime.
648 3177 808 3262 Liquores
831 3179 964 3255 mixtos,
989 3199 1064 3244 cum
1086 3199 1147 3263 per
1169 3176 1241 3241 dies
1266 3179 1284 3239 2
1308 3177 1381 3241 1010
1405 3173 1464 3238 fri-

330 3282 409 3367 gido
450 3283 647 3368 quieverint,
683 3283 785 3363 filtra,
822 3305 901 3350 cura
935 3285 1049 3350 habita
1084 3289 1122 3349 ut
1155 3305 1255 3369 quam
1289 3282 1463 3346 minimum

330 3393 538 3475 evaporatur.

374 3495 490 3561 Mixtis
505 3496 670 3562 tincturae
694 3499 888 3585 cuiusquam
903 3499 1109 3564 centimetris
1121 3497 1246 3563 cubicis
1260 3500 1301 3560 10
1314 3500 1347 3560 et
1358 3516 1463 3581 aquae

332 3605 373 3665 10
396 3601 574 3668 destillatis
605 3603 684 3668 dum
714 3606 910 3670 centimetra
933 3605 1049 3671 cubica
1073 3608 1115 3669 10
1137 3602 1342 3679 transierint,
1363 3606 1463 3686 atque

328 3707 571 3774 destillatorum
605 3710 809 3776 centimetris
843 3711 968 3777 cubicis
1004 3715 1023 3775 5
1058 3710 1198 3776 chloreti
1229 3707 1464 3794 hydrargyrici

329 3815 436 3899 guttis
472 3818 513 3879 10
544 3821 577 3881 et
604 3837 709 3902 oquae
734 3817 871 3902 barytae
894 3818 1100 3883 centimetris
1123 3815 1247 3882 cubicis
1272 3818 1314 3879 10
1337 3813 1461 3892 mixtis,

328 3920 581 4006 praecipitatum
615 3921 742 3987 flavum
773 3924 921 4004 exsistat,
953 3924 1042 4011 quod
1064 3924 1192 4009 liquore
1214 3925 1372 4008 quassato
1395 3940 1461 3983 non

329 4031 523 4106 evanescat;
554 4049 695 4113 quorum
725 4029 906 4096 mixtorum
928 4030 1067 4109 filtrata‚
1092 4031 1207 4095 addito
1230 4025 1462 4111 sulfohydrate

329 4133 524 4213 ommonico,
548 4157 591 4201 ne
613 4135 723 4200 calore
745 4136 880 4222 quidem
902 4137 1063 4214 adhibito,
1088 4137 1231 4223 speciem
1254 4135 1394 4198 mutent.

374 4239 462 4318 Quid
481 4240 523 4306 de
545 4243 714 4307 Tincturis
736 4246 926 4331 evaporatio
948 4245 1102 4331 supersit,
1126 4243 1286 4310 statuitur
1298 4239 1462 4304 tincturae
