3532 5034
826 512 889 577 497

624 709 757 770 secatur
769 703 970 772 Carbonatis
982 707 1103 772 natrici
1119 708 1224 793 partis
1239 712 1254 771 l
1270 709 1306 772 in
1318 732 1424 795 aquae
1468 701 1474 718 ⁸

624 811 776 896 partibus
796 813 817 876 4
836 812 965 878 solutae
978 818 1073 880 tanta
1086 815 1284 899 quantitate,
1298 821 1425 902 quanta

623 919 805 1005 requiritur
827 919 870 984 ad
894 920 1017 986 calcem
1040 921 1334 1008 praecipitandam.

581 1027 705 1112 Liquor
727 1025 782 1093 fac
805 1026 956 1106 desidat;
980 1027 1141 1113 liquorem
1154 1029 1280 1094 clarum
1291 1030 1422 1096 adhibe.

316 1260 480 1328 Ioilctum
504 1259 955 1344 salico-hydrargyrum.

583 1401 734 1469 Chloreti
756 1403 990 1488 hydrargyrici
1014 1425 1092 1489 pars
1118 1409 1134 1468 l
1157 1409 1191 1469 et
1202 1404 1312 1470 Iodeti
1324 1406 1425 1471 kalici

626 1514 739 1595 partes
762 1513 783 1574 4
805 1511 841 1574 in
864 1533 969 1596 aquae
992 1512 1145 1596 partibus
1169 1515 1210 1581 95
1234 1513 1371 1578 solutae.

316 1726 482 1793 lodetum
506 1725 678 1792 kalicum.

581 1868 622 1931 In
646 1889 732 1952 aqua
754 1870 910 1953 (1:10)
932 1889 1047 1934 recens
1071 1869 1227 1934 solutum.

316 2084 482 2152 lotatum
507 2083 664 2151 kalicum
689 2101 769 2150 cnm
794 2083 935 2165 Amylo.

581 2225 690 2290 Iodeti
713 2225 814 2290 kalici
832 2225 1103 2311 milligrammata
1116 2229 1180 2292 100
1192 2227 1227 2291 in
1240 2227 1423 2293 Solutionis

624 2331 737 2417 Amyli
760 2333 964 2398 centimetris
987 2333 1111 2398 cubicis
1125 2337 1167 2398 50
1178 2355 1293 2400 recens
1305 2337 1423 2400 soluta.

319 2547 455 2630 liquor
476 2546 645 2615 Nessleri.

583 2688 692 2754 Iodeti
727 2689 828 2754 kalici
861 2689 1057 2774 grammatis
1089 2693 1108 2754 5
1135 2689 1171 2753 in
1194 2711 1299 2774 cquae
1322 2690 1425 2754 centi-

627 2795 744 2860 metris
787 2795 911 2860 cubicis
947 2798 966 2860 5
1002 2795 1120 2860 solutis
1155 2795 1240 2860 adde
1276 2795 1426 2862 Chloreti

626 2902 861 2988 hydrargyrici
872 2902 907 2966 in
919 2924 1006 2987 aqua
1017 2905 1050 2986 (1
1067 2929 1100 2962 ;
1116 2905 1172 2986 20)
1183 2903 1283 2967 soluti
1293 2908 1424 2968 tantum

625 3014 664 3074 ut
686 3009 940 3094 praecipitatum
963 3009 1111 3086 rubrum,
1137 3009 1225 3094 quod
1237 3010 1424 3096 deponitur,

626 3116 753 3202 liquore
788 3121 956 3201 quassato,
982 3137 1048 3180 non
1072 3116 1214 3204 amplius
1237 3125 1424 3183 evanescat.

628 3224 691 3288 Per
705 3223 816 3288 lanam
828 3224 970 3288 vitream
982 3223 1085 3301 filtra;
1110 3223 1245 3301 filtratn,
1260 3225 1425 3309 Hydratis

626 3330 726 3396 kalici
748 3330 945 3416 grammatic
971 3334 1011 3395 15
1034 3331 1069 3394 in
1092 3352 1198 3416 aquae
1221 3331 1426 3396 centimetris

627 3437 752 3503 cubicis
783 3440 825 3503 30
850 3437 968 3502 solutis
992 3438 1107 3515 mixta,
1132 3459 1219 3522 aqua
1242 3437 1358 3524 supple
1381 3439 1425 3503 ad

627 3545 823 3610 centimetra
845 3544 961 3610 cubica
975 3548 1049 3609 100.
1074 3543 1424 3630 Liquoriacdesidat,

625 3651 787 3737 liquorem
809 3651 935 3717 clarum
957 3650 1113 3716 delunde.

319 3881 481 3949 llixtura
505 3882 714 3964 Magnesiae.

585 4023 735 4089 Chloreti
768 4023 949 4110 magnesici
985 4028 1097 4108 partes
1134 4027 1175 4088 10
1210 4029 1244 4089 et
1275 4021 1425 4088 Chloreti

627 4130 803 4194 ammonici
827 4135 939 4215 partes
964 4131 1006 4195 14
1029 4130 1159 4195 solutae
1181 4131 1216 4194 in
1229 4130 1424 4194 Ammonias

629 4235 1424 4323 partibus70etaquaepartibus150commixtis.

1341 4395 1376 4447 34
