3530 5026
818 474 880 535 113

533 665 583 762 -Ι-
617 666 803 763 tortor
846 665 1074 787 Syzypii.

327 837 452 904 Cortex
490 859 587 923 quem
618 838 756 922 praebet
788 836 984 923 Eugenia
1021 835 1284 914 lambolana,
1321 835 1408 900 ΒΑΜ.

285 945 402 1030 Encyc.
427 944 491 1010 ΠΙ.
518 946 592 1022 198,
615 943 868 1029 (Syaygium
891 942 1191 1007 Iambolanum
1215 941 1292 1009 DC.
1311 941 1409 1006 Prod.

283 1051 343 1116 111.
369 1053 459 1136 259).

323 1177 445 1242 Fruste
467 1176 566 1262 plana
589 1176 642 1240 vel
662 1175 906 1262 quodammodo
918 1175 1146 1252 canaliculato,
1159 1173 1411 1240 adcentimetra

284 1287 321 1347 15
343 1284 453 1370 longa,
477 1283 547 1348 lata
576 1283 618 1347 ad
644 1283 672 1360 7,
697 1303 810 1347 cressa
832 1281 875 1346 ed
899 1284 928 1359 2,
960 1282 1057 1360 levia,
1081 1282 1181 1359 lenta,
1206 1303 1226 1346 a
1249 1280 1410 1346 laboribus

280 1389 409 1467 fibrosa,
438 1411 537 1476 saepe
559 1389 686 1454 nudata
709 1389 856 1474 squamis
872 1387 1084 1454 cortiealibus
1095 1389 1131 1452 in
1144 1392 1237 1473 parte
1246 1388 1410 1453 exteriore

280 1497 405 1581 positis.
430 1496 629 1581 Superficies
652 1496 808 1574 exterior,
833 1496 890 1561 ubi
914 1517 1070 1581 squamae
1090 1495 1263 1560 corticales
1275 1495 1408 1574 adsunt,

278 1625 402 1688 aspera,
427 1604 522 1668 rimis
545 1604 727 1669 maioribus
751 1609 785 1668 et
796 1603 990 1680 minoribus,
1004 1603 1141 1668 directis
1152 1607 1186 1667 et
1198 1603 1407 1680 transversis,

278 1709 362 1775 clare
385 1710 489 1788 fusca,
513 1710 683 1775 interdum
706 1710 897 1775 enormibus
914 1710 1052 1775 maculis
1063 1709 1185 1775 clarius
1196 1709 1408 1788 flavofuseis3

276 1817 332 1882 ubi
354 1839 512 1903 squamae
535 1816 709 1882 corticales
732 1821 880 1881 remotae
904 1820 992 1894 sunt,
1018 1816 1209 1900 superficies
1229 1817 1336 1902 magis
1356 1821 1407 1881 est

277 1944 388 2008 aequa,
421 1923 628 2002 rubrolusea,
662 1923 906 2009 quodammodo
929 1944 989 2007 per
1011 1922 1254 2009 longitudinem
1278 1924 1406 1988 striata.

278 2029 474 2115 Superficies
507 2031 647 2095 interior
680 2031 764 2096 satis
798 2052 912 2116 sequa,
948 2031 1040 2095 striis
1071 2029 1237 2107 tenuibus,
1261 2028 1407 2111 directis,

278 2136 473 2202 rubrofusea
495 2137 538 2202 sd
549 2137 787 2223 nigrofuscam.
805 2137 966 2201 Fractura
979 2141 1171 2202 transversa
1182 2135 1275 2200 fibris
1287 2137 1408 2202 crassis

278 2263 350 2308 cum
371 2245 492 2309 assulis
515 2243 558 2308 ad
581 2265 768 2331 granosam.
794 2241 919 2309 Cortex
942 2249 1132 2309 transverse
1156 2248 1336 2328 per-sectus,
1349 2244 1407 2309 ubi

278 2371 431 2436 squamae
458 2352 632 2417 cortieales
662 2352 795 2429 adsunt,
827 2373 887 2437 per
916 2350 1038 2416 lineam
1062 2349 1242 2415 enormiter
1264 2349 1406 2416 fractam

278 2456 403 2522 divisus
427 2459 536 2523 estin
559 2463 672 2544 partes
695 2458 788 2536 duas,
813 2479 953 2544 quarum
970 2458 1114 2522 exterior
1125 2457 1298 2522 obscurius
1311 2457 1406 2524 fusca

277 2570 445 2650 (squamae
468 2565 662 2646 cortieales),
682 2565 823 2631 interior
846 2565 968 2630 clarius
979 2563 1194 2642 rubrofusca;
1217 2565 1406 2651 inutraque

276 2672 422 2736 maculae
433 2672 612 2757 dispersae,
626 2673 806 2737 enormiter
818 2671 1092 2748 suborbiculares‚
1106 2672 1227 2736 coloris
1239 2672 1404 2750 clarioris3

276 2783 455 2862 praeterea,
478 2779 644 2865 imprimis
666 2780 702 2844 in
713 2783 808 2864 parte
819 2779 988 2856 interiore,
1002 2778 1144 2863 plurima
1156 2782 1280 2863 puncta
1292 2799 1403 2864 parva,

275 2883 478 2963 tenuissima,
510 2885 711 2964 obscuriora,
736 2907 820 2971 quae
843 2886 1038 2950 stricturam
1061 2885 1300 2963 tenuissimam,
1324 2907 1405 2970 quo·

274 2989 450 3056 dammodo
484 2992 664 3056 enormiter
687 2992 926 3078 tangentialem
950 2991 1110 3056 efficiunt.
1156 2990 1225 3056 Ubi
1249 3013 1405 3078 squamae

274 3097 446 3162 corticsles
468 3103 615 3163 remotae
639 3103 727 3176 sunt,
748 3099 783 3162 in
807 3099 930 3163 cortice
953 3102 1103 3183 persecto
1116 3102 1403 3166 tantumstratum

283 3203 434 3281 interius,
458 3205 580 3270 elarius
602 3205 707 3270 adest.

320 3311 515 3397 Eugenia
537 3311 790 3377 Ismbolsna
812 3313 849 3377 in
867 3312 965 3377 India
981 3311 1145 3377 Orientali
1160 3311 1404 3378 Nederlandica

273 3418 362 3482 inter
383 3418 449 3482 elia
470 3419 605 3483 nomine
627 3419 820 3504 djamblanq
842 3425 990 3484 vocatur.

319 3523 412 3589 Odor
433 3525 562 3602 nullus3
586 3545 686 3610 sapor
708 3525 994 3612 subedstringens.
1069 3567 1073 3572 -

371 3770 421 3867 -Ι-
455 3771 643 3868 tortor
676 3773 891 3868 liburni
933 3775 1220 3894 prunilolii.

317 3930 442 3998 Cortex
457 3954 555 4020 quem
568 3933 706 4018 praebet
720 3933 960 3999 Viburnum
978 3932 1281 4019 prunifolium,
1300 3933 1400 4000 LINN.

272 4039 330 4125 Sp.
355 4038 402 4104 Pl.
428 4041 502 4105 268.

315 4164 449 4230 Fasciae
483 4171 518 4230 et
551 4163 663 4230 frusta
697 4165 772 4249 plus
805 4165 958 4230 minusve
992 4165 1209 4230 canaliculato
1235 4170 1270 4230 et
1293 4163 1402 4228 tubuli

1318 4319 1352 4372 10
