<?xml version="1.0" encoding="UTF-8"?>
<!DOCTYPE html PUBLIC "-//W3C//DTD XHTML 1.0 Transitional//EN"
    "http://www.w3.org/TR/xhtml1/DTD/xhtml1-transitional.dtd">
<html xmlns="http://www.w3.org/1999/xhtml" xml:lang="en" lang="en">
 <head>
  <title>
</title>
<meta http-equiv="Content-Type" content="text/html;charset=utf-8" />
  <meta name='ocr-system' content='tesseract 3.04.00' />
  <meta name='ocr-capabilities' content='ocr_page ocr_carea ocr_par ocr_line ocrx_word'/>
</head>
<body>
  <div class='ocr_page' id='page_1' title='image "./pharmocopoeaned00zakegoog_0449.png"; bbox 0 0 3544 5050; ppageno 0'>
   <div class='ocr_carea' id='block_1_1' title="bbox 886 531 951 592">
    <p class='ocr_par' dir='ltr' id='par_1_1' title="bbox 886 531 951 592">
     <span class='ocr_line' id='line_1_1' title="bbox 886 531 951 592; baseline -0.031 0"><span class='ocrx_word' id='word_1_1' title='bbox 886 531 951 592; x_wconf 80' lang='lat'><strong>418</strong></span> 
     </span>
    </p>
   </div>
   <div class='ocr_carea' id='block_1_2' title="bbox 353 721 1484 1130">
    <p class='ocr_par' dir='ltr' id='par_1_2' title="bbox 353 721 1484 1130">
     <span class='ocr_line' id='line_1_2' title="bbox 396 721 1483 809; baseline -0.008 -14"><span class='ocrx_word' id='word_1_2' title='bbox 396 729 466 795; x_wconf 87' lang='lat' dir='ltr'><strong>Gaz</strong></span> <span class='ocrx_word' id='word_1_3' title='bbox 488 728 598 792; x_wconf 90' lang='lat' dir='ltr'><strong>oriens</strong></span> <span class='ocrx_word' id='word_1_4' title='bbox 622 749 639 790; x_wconf 91' lang='lat' dir='ltr'><strong>e</strong></span> <span class='ocrx_word' id='word_1_5' title='bbox 663 726 748 791; x_wconf 85' lang='lat' dir='ltr'><strong>zinci</strong></span> <span class='ocrx_word' id='word_1_6' title='bbox 771 725 882 790; x_wconf 80' lang='lat' dir='ltr'><strong>frusto</strong></span> <span class='ocrx_word' id='word_1_7' title='bbox 904 727 1062 809; x_wconf 82' lang='lat' dir='ltr'><strong>reagente</strong></span> <span class='ocrx_word' id='word_1_8' title='bbox 1084 724 1120 786; x_wconf 92' lang='lat' dir='ltr'><strong>in</strong></span> <span class='ocrx_word' id='word_1_9' title='bbox 1144 721 1286 788; x_wconf 84' lang='lat' dir='ltr'><strong>Sulfatis</strong></span> <span class='ocrx_word' id='word_1_10' title='bbox 1302 723 1483 808; x_wconf 85' lang='lat' dir='ltr'><strong>magnesici</strong></span> 
     </span>
     <span class='ocr_line' id='line_1_3' title="bbox 353 829 1483 922; baseline -0.008 -20"><span class='ocrx_word' id='word_1_11' title='bbox 353 859 503 922; x_wconf 82' lang='lat' dir='ltr'><strong>gramma</strong></span> <span class='ocrx_word' id='word_1_12' title='bbox 540 840 556 898; x_wconf 95' lang='lat' dir='ltr'>l</span> <span class='ocrx_word' id='word_1_13' title='bbox 592 835 627 898; x_wconf 88' lang='lat' dir='ltr'><strong>in</strong></span> <span class='ocrx_word' id='word_1_14' title='bbox 658 833 744 899; x_wconf 81' lang='lat' dir='ltr'><strong>acidi</strong></span> <span class='ocrx_word' id='word_1_15' title='bbox 767 832 919 898; x_wconf 85' lang='lat' dir='ltr'><strong>sulfurici</strong></span> <span class='ocrx_word' id='word_1_16' title='bbox 942 830 1041 895; x_wconf 90' lang='lat' dir='ltr'><strong>diluti</strong></span> <span class='ocrx_word' id='word_1_17' title='bbox 1063 830 1268 895; x_wconf 88' lang='lat' dir='ltr'><strong>centimetris</strong></span> <span class='ocrx_word' id='word_1_18' title='bbox 1291 829 1414 894; x_wconf 81' lang='lat' dir='ltr'><strong>cubicis</strong></span> <span class='ocrx_word' id='word_1_19' title='bbox 1441 831 1483 893; x_wconf 92' lang='lat'><strong>10</strong></span> 
     </span>
     <span class='ocr_line' id='line_1_4' title="bbox 353 935 1484 1026; baseline -0.007 -18"><span class='ocrx_word' id='word_1_20' title='bbox 353 944 500 1009; x_wconf 89' lang='lat' dir='ltr'><strong>solutum</strong></span> <span class='ocrx_word' id='word_1_21' title='bbox 515 943 665 1006; x_wconf 89' lang='lat' dir='ltr'><strong>chartam</strong></span> <span class='ocrx_word' id='word_1_22' title='bbox 677 940 946 1026; x_wconf 83' lang='lat' dir='ltr'><strong>exploratoriam,</strong></span> <span class='ocrx_word' id='word_1_23' title='bbox 958 939 1107 1003; x_wconf 89' lang='lat' dir='ltr'><strong>chloreto</strong></span> <span class='ocrx_word' id='word_1_24' title='bbox 1118 937 1360 1023; x_wconf 86' lang='lat' dir='ltr'><strong>hydrargyrico</strong></span> <span class='ocrx_word' id='word_1_25' title='bbox 1371 935 1484 1001; x_wconf 88' lang='lat' dir='ltr'><strong>made-</strong></span> 
     </span>
     <span class='ocr_line' id='line_1_5' title="bbox 353 1044 1483 1130; baseline -0.006 -17"><span class='ocrx_word' id='word_1_26' title='bbox 353 1050 486 1128; x_wconf 77' lang='lat' dir='ltr'><strong>factam,</strong></span> <span class='ocrx_word' id='word_1_27' title='bbox 510 1049 621 1114; x_wconf 89' lang='lat' dir='ltr'><strong>colore</strong></span> <span class='ocrx_word' id='word_1_28' title='bbox 643 1047 732 1111; x_wconf 89' lang='lat' dir='ltr'><strong>flavo</strong></span> <span class='ocrx_word' id='word_1_29' title='bbox 754 1068 796 1110; x_wconf 91' lang='lat' dir='ltr'><strong>ne</strong></span> <span class='ocrx_word' id='word_1_30' title='bbox 818 1045 945 1111; x_wconf 85' lang='lat' dir='ltr'><strong>inficiat</strong></span> <span class='ocrx_word' id='word_1_31' title='bbox 966 1045 1056 1110; x_wconf 87' lang='lat' dir='ltr'><strong>intra</strong></span> <span class='ocrx_word' id='word_1_32' title='bbox 1067 1044 1307 1129; x_wconf 85' lang='lat' dir='ltr'><strong>horaepartem</strong></span> <span class='ocrx_word' id='word_1_33' title='bbox 1320 1048 1483 1130; x_wconf 76' lang='lat' dir='ltr'><strong>quartam.</strong></span> 
     </span>
    </p>
   </div>
   <div class='ocr_carea' id='block_1_3' title="bbox 820 1223 1021 1232">
    <p class='ocr_par' dir='ltr' id='par_1_3' title="bbox 820 1223 1021 1232">
     <span class='ocr_line' id='line_1_6' title="bbox 820 1223 1021 1232; baseline -0.015 1"><span class='ocrx_word' id='word_1_34' title='bbox 820 1223 1021 1232; x_wconf 78' lang='lat'><em>-———·--</em></span> 
     </span>
    </p>
   </div>
   <div class='ocr_carea' id='block_1_4' title="bbox 690 1341 1151 1597">
    <p class='ocr_par' dir='ltr' id='par_1_4' title="bbox 690 1341 1151 1597">
     <span class='ocr_line' id='line_1_7' title="bbox 690 1341 1151 1438; baseline -0.007 -1"><span class='ocrx_word' id='word_1_35' title='bbox 690 1341 868 1438; x_wconf 80' lang='lat' dir='ltr'><strong>Satias</strong></span> <span class='ocrx_word' id='word_1_36' title='bbox 902 1343 1151 1436; x_wconf 79' lang='lat' dir='ltr'><strong>astricus.</strong></span> 
     </span>
     <span class='ocr_line' id='line_1_8' title="bbox 774 1511 1065 1597; baseline -0.007 -21"><span class='ocrx_word' id='word_1_37' title='bbox 774 1511 1065 1597; x_wconf 54' lang='lat' dir='ltr'><strong>nasaniae</strong></span> 
     </span>
    </p>
   </div>
   <div class='ocr_carea' id='block_1_5' title="bbox 354 1651 1488 2382">
    <p class='ocr_par' dir='ltr' id='par_1_5' title="bbox 354 1651 1486 2042">
     <span class='ocr_line' id='line_1_9' title="bbox 400 1651 1485 1742; baseline -0.009 -19"><span class='ocrx_word' id='word_1_38' title='bbox 400 1655 569 1742; x_wconf 81' lang='lat' dir='ltr'><strong>Crystalla</strong></span> <span class='ocrx_word' id='word_1_39' title='bbox 602 1655 724 1721; x_wconf 90' lang='lat' dir='ltr'><strong>coloris</strong></span> <span class='ocrx_word' id='word_1_40' title='bbox 758 1656 916 1740; x_wconf 74' lang='lat' dir='ltr'><strong>expertia,</strong></span> <span class='ocrx_word' id='word_1_41' title='bbox 952 1652 1130 1740; x_wconf 89' lang='lat' dir='ltr'><strong>perlucida,</strong></span> <span class='ocrx_word' id='word_1_42' title='bbox 1155 1651 1364 1729; x_wconf 87' lang='lat' dir='ltr'><strong>monociinia,</strong></span> <span class='ocrx_word' id='word_1_43' title='bbox 1387 1651 1485 1714; x_wconf 84' lang='lat' dir='ltr'><strong>facile</strong></span> 
     </span>
     <span class='ocr_line' id='line_1_10' title="bbox 354 1757 1483 1848; baseline -0.007 -20"><span class='ocrx_word' id='word_1_44' title='bbox 354 1785 429 1828; x_wconf 86' lang='lat' dir='ltr'><strong>aere</strong></span> <span class='ocrx_word' id='word_1_45' title='bbox 456 1763 655 1840; x_wconf 83' lang='lat' dir='ltr'><strong>fatiscentia,</strong></span> <span class='ocrx_word' id='word_1_46' title='bbox 688 1784 772 1848; x_wconf 84' lang='lat' dir='ltr'><strong>quas</strong></span> <span class='ocrx_word' id='word_1_47' title='bbox 795 1761 903 1827; x_wconf 88' lang='lat' dir='ltr'><strong>calore</strong></span> <span class='ocrx_word' id='word_1_48' title='bbox 926 1760 1143 1846; x_wconf 82' lang='lat' dir='ltr'><strong>liquescentis</strong></span> <span class='ocrx_word' id='word_1_49' title='bbox 1165 1781 1285 1845; x_wconf 88' lang='lat' dir='ltr'><strong>aquam</strong></span> <span class='ocrx_word' id='word_1_50' title='bbox 1310 1757 1483 1824; x_wconf 84' lang='lat' dir='ltr'><strong>exsudant.</strong></span> 
     </span>
     <span class='ocr_line' id='line_1_11' title="bbox 356 1865 1486 1955; baseline -0.005 -20"><span class='ocrx_word' id='word_1_51' title='bbox 356 1869 468 1935; x_wconf 80' lang='lat' dir='ltr'><strong>Salias</strong></span> <span class='ocrx_word' id='word_1_52' title='bbox 503 1871 652 1935; x_wconf 86' lang='lat' dir='ltr'><strong>natricus</strong></span> <span class='ocrx_word' id='word_1_53' title='bbox 687 1870 722 1934; x_wconf 92' lang='lat' dir='ltr'><strong>in</strong></span> <span class='ocrx_word' id='word_1_54' title='bbox 747 1890 852 1955; x_wconf 89' lang='lat' dir='ltr'><strong>aquae</strong></span> <span class='ocrx_word' id='word_1_55' title='bbox 875 1867 1026 1954; x_wconf 87' lang='lat' dir='ltr'><strong>partibus</strong></span> <span class='ocrx_word' id='word_1_56' title='bbox 1051 1867 1103 1946; x_wconf 69' lang='lat' dir='ltr'><strong>a?</strong></span> <span class='ocrx_word' id='word_1_57' title='bbox 1127 1866 1279 1944; x_wconf 86' lang='lat' dir='ltr'><strong>solvitur,</strong></span> <span class='ocrx_word' id='word_1_58' title='bbox 1307 1867 1343 1930; x_wconf 92' lang='lat' dir='ltr'><strong>in</strong></span> <span class='ocrx_word' id='word_1_59' title='bbox 1366 1865 1486 1950; x_wconf 89' lang='lat' dir='ltr'><strong>spiritu</strong></span> 
     </span>
     <span class='ocr_line' id='line_1_12' title="bbox 355 1977 599 2042; baseline 0 -2"><span class='ocrx_word' id='word_1_60' title='bbox 355 1999 423 2042; x_wconf 93' lang='lat' dir='ltr'><strong>non</strong></span> <span class='ocrx_word' id='word_1_61' title='bbox 447 1977 599 2042; x_wconf 89' lang='lat' dir='ltr'><strong>solvitur.</strong></span> 
     </span>
    </p>

    <p class='ocr_par' dir='ltr' id='par_1_6' title="bbox 355 2078 1488 2382">
     <span class='ocr_line' id='line_1_13' title="bbox 401 2078 1487 2149; baseline -0.006 0"><span class='ocrx_word' id='word_1_62' title='bbox 401 2083 515 2149; x_wconf 85' lang='lat' dir='ltr'><strong>Sulfas</strong></span> <span class='ocrx_word' id='word_1_63' title='bbox 537 2083 686 2148; x_wconf 86' lang='lat' dir='ltr'><strong>natricus</strong></span> <span class='ocrx_word' id='word_1_64' title='bbox 709 2083 878 2148; x_wconf 87' lang='lat' dir='ltr'><strong>flammam</strong></span> <span class='ocrx_word' id='word_1_65' title='bbox 902 2103 970 2146; x_wconf 91' lang='lat' dir='ltr'><strong>non</strong></span> <span class='ocrx_word' id='word_1_66' title='bbox 993 2082 1158 2145; x_wconf 83' lang='lat' dir='ltr'><strong>lucentem</strong></span> <span class='ocrx_word' id='word_1_67' title='bbox 1170 2080 1279 2147; x_wconf 86' lang='lat' dir='ltr'><strong>colore</strong></span> <span class='ocrx_word' id='word_1_68' title='bbox 1290 2078 1388 2144; x_wconf 89' lang='lat' dir='ltr'><strong>valde</strong></span> <span class='ocrx_word' id='word_1_69' title='bbox 1398 2079 1487 2143; x_wconf 84' lang='lat' dir='ltr'><strong>flavo</strong></span> 
     </span>
     <span class='ocr_line' id='line_1_14' title="bbox 355 2173 1488 2274; baseline -0.005 -20"><span class='ocrx_word' id='word_1_70' title='bbox 355 2191 469 2255; x_wconf 73' lang='lat' dir='ltr'><strong>sarim</strong></span> <span class='ocrx_word' id='word_1_71' title='bbox 505 2173 628 2256; x_wconf 61' lang='lat' dir='ltr'><strong>inficit(</strong></span> <span class='ocrx_word' id='word_1_72' title='bbox 661 2189 702 2253; x_wconf 83' lang='lat' dir='ltr'><strong>In</strong></span> <span class='ocrx_word' id='word_1_73' title='bbox 731 2211 817 2274; x_wconf 72' lang='lat' dir='ltr'><strong>aqua</strong></span> <span class='ocrx_word' id='word_1_74' title='bbox 850 2189 1012 2273; x_wconf 84' lang='lat'>(1:10)</span> <span class='ocrx_word' id='word_1_75' title='bbox 1039 2188 1179 2264; x_wconf 71' lang='lat' dir='ltr'><strong>solutus,</strong></span> <span class='ocrx_word' id='word_1_76' title='bbox 1213 2185 1330 2250; x_wconf 71' lang='lat' dir='ltr'><strong>acuto</strong></span> <span class='ocrx_word' id='word_1_77' title='bbox 1361 2185 1488 2249; x_wconf 68' lang='lat' dir='ltr'><strong>nitran</strong></span> 
     </span>
     <span class='ocr_line' id='line_1_15' title="bbox 355 2291 1487 2382; baseline -0.005 -20"><span class='ocrx_word' id='word_1_78' title='bbox 355 2297 517 2382; x_wconf 86' lang='lat' dir='ltr'><strong>beryticc,</strong></span> <span class='ocrx_word' id='word_1_79' title='bbox 541 2297 796 2381; x_wconf 86' lang='lat' dir='ltr'><strong>praecipitatum</strong></span> <span class='ocrx_word' id='word_1_80' title='bbox 818 2297 930 2361; x_wconf 88' lang='lat' dir='ltr'><strong>album</strong></span> <span class='ocrx_word' id='word_1_81' title='bbox 953 2295 1099 2381; x_wconf 88' lang='lat' dir='ltr'><strong>deponit,</strong></span> <span class='ocrx_word' id='word_1_82' title='bbox 1112 2293 1203 2379; x_wconf 90' lang='lat' dir='ltr'><strong>quod</strong></span> <span class='ocrx_word' id='word_1_83' title='bbox 1213 2294 1249 2357; x_wconf 93' lang='lat' dir='ltr'><strong>in</strong></span> <span class='ocrx_word' id='word_1_84' title='bbox 1261 2291 1355 2358; x_wconf 85' lang='lat' dir='ltr'><strong>acido</strong></span> <span class='ocrx_word' id='word_1_85' title='bbox 1366 2292 1487 2356; x_wconf 86' lang='lat' dir='ltr'><strong>nitrico</strong></span> 
     </span>
    </p>
   </div>
   <div class='ocr_carea' id='block_1_6' title="bbox 355 2402 1492 4170">
    <p class='ocr_par' dir='ltr' id='par_1_7' title="bbox 356 2402 733 2468">
     <span class='ocr_line' id='line_1_16' title="bbox 356 2402 733 2468; baseline -0.003 -1"><span class='ocrx_word' id='word_1_86' title='bbox 356 2404 464 2468; x_wconf 90' lang='lat' dir='ltr'><strong>diluto</strong></span> <span class='ocrx_word' id='word_1_87' title='bbox 487 2424 556 2467; x_wconf 92' lang='lat' dir='ltr'><strong>non</strong></span> <span class='ocrx_word' id='word_1_88' title='bbox 579 2402 733 2467; x_wconf 89' lang='lat' dir='ltr'><strong>solvitur.</strong></span> 
     </span>
    </p>

    <p class='ocr_par' dir='ltr' id='par_1_8' title="bbox 355 2506 1487 2807">
     <span class='ocr_line' id='line_1_17' title="bbox 401 2506 1487 2593; baseline -0.005 -20"><span class='ocrx_word' id='word_1_89' title='bbox 401 2509 543 2573; x_wconf 83' lang='lat' dir='ltr'><strong>Suliatis</strong></span> <span class='ocrx_word' id='word_1_90' title='bbox 577 2509 697 2572; x_wconf 88' lang='lat' dir='ltr'><strong>natrici</strong></span> <span class='ocrx_word' id='word_1_91' title='bbox 720 2530 870 2593; x_wconf 77' lang='lat' dir='ltr'><strong>gramma</strong></span> <span class='ocrx_word' id='word_1_92' title='bbox 899 2514 926 2586; x_wconf 92' lang='lat' dir='ltr'><strong>l,</strong></span> <span class='ocrx_word' id='word_1_93' title='bbox 951 2509 1075 2574; x_wconf 88' lang='lat' dir='ltr'><strong>additis</strong></span> <span class='ocrx_word' id='word_1_94' title='bbox 1097 2507 1183 2573; x_wconf 85' lang='lat' dir='ltr'><strong>acidi</strong></span> <span class='ocrx_word' id='word_1_95' title='bbox 1206 2506 1355 2572; x_wconf 86' lang='lat' dir='ltr'><strong>tartarici</strong></span> <span class='ocrx_word' id='word_1_96' title='bbox 1378 2527 1487 2590; x_wconf 82' lang='lat' dir='ltr'><strong>gram</strong></span> 
     </span>
     <span class='ocr_line' id='line_1_18' title="bbox 355 2612 1483 2700; baseline -0.004 -21"><span class='ocrx_word' id='word_1_97' title='bbox 355 2620 445 2680; x_wconf 81' lang='lat' dir='ltr'><strong>mats</strong></span> <span class='ocrx_word' id='word_1_98' title='bbox 482 2620 498 2678; x_wconf 93' lang='lat'>1</span> <span class='ocrx_word' id='word_1_99' title='bbox 535 2621 568 2680; x_wconf 89' lang='lat' dir='ltr'><strong>et</strong></span> <span class='ocrx_word' id='word_1_100' title='bbox 602 2636 705 2700; x_wconf 88' lang='lat' dir='ltr'><strong>aquae</strong></span> <span class='ocrx_word' id='word_1_101' title='bbox 729 2616 934 2681; x_wconf 85' lang='lat' dir='ltr'><strong>centimetris</strong></span> <span class='ocrx_word' id='word_1_102' title='bbox 965 2615 1090 2681; x_wconf 81' lang='lat' dir='ltr'><strong>cubicis</strong></span> <span class='ocrx_word' id='word_1_103' title='bbox 1116 2618 1147 2690; x_wconf 88' lang='lat'><strong>5,</strong></span> <span class='ocrx_word' id='word_1_104' title='bbox 1170 2614 1333 2698; x_wconf 85' lang='lat' dir='ltr'><strong>liquorem</strong></span> <span class='ocrx_word' id='word_1_105' title='bbox 1357 2612 1483 2677; x_wconf 84' lang='lat' dir='ltr'><strong>clarum</strong></span> 
     </span>
     <span class='ocr_line' id='line_1_19' title="bbox 357 2722 523 2807; baseline 0 -21"><span class='ocrx_word' id='word_1_106' title='bbox 357 2722 523 2807; x_wconf 85' lang='lat' dir='ltr'><strong>praebeat.</strong></span> 
     </span>
    </p>

    <p class='ocr_par' dir='ltr' id='par_1_9' title="bbox 356 2825 1489 3234">
     <span class='ocr_line' id='line_1_20' title="bbox 400 2825 1488 2913; baseline -0.004 -22"><span class='ocrx_word' id='word_1_107' title='bbox 400 2827 442 2891; x_wconf 96' lang='lat' dir='ltr'><strong>In</strong></span> <span class='ocrx_word' id='word_1_108' title='bbox 464 2849 550 2913; x_wconf 90' lang='lat' dir='ltr'><strong>aqua</strong></span> <span class='ocrx_word' id='word_1_109' title='bbox 572 2829 735 2913; x_wconf 90' lang='lat'>(1:10)</span> <span class='ocrx_word' id='word_1_110' title='bbox 758 2829 887 2894; x_wconf 90' lang='lat' dir='ltr'><strong>solutus</strong></span> <span class='ocrx_word' id='word_1_111' title='bbox 910 2829 1028 2908; x_wconf 88' lang='lat' dir='ltr'><strong>clarus,</strong></span> <span class='ocrx_word' id='word_1_112' title='bbox 1049 2829 1169 2896; x_wconf 88' lang='lat' dir='ltr'><strong>coloris</strong></span> <span class='ocrx_word' id='word_1_113' title='bbox 1189 2847 1316 2912; x_wconf 85' lang='lat' dir='ltr'><strong>expers,</strong></span> <span class='ocrx_word' id='word_1_114' title='bbox 1337 2825 1488 2889; x_wconf 88' lang='lat' dir='ltr'><strong>neutrius</strong></span> 
     </span>
     <span class='ocr_line' id='line_1_21' title="bbox 356 2930 1488 3021; baseline -0.003 -24"><span class='ocrx_word' id='word_1_115' title='bbox 356 2935 536 2999; x_wconf 89' lang='lat' dir='ltr'><strong>reactionis</strong></span> <span class='ocrx_word' id='word_1_116' title='bbox 559 2935 621 3012; x_wconf 90' lang='lat' dir='ltr'><strong>sit;</strong></span> <span class='ocrx_word' id='word_1_117' title='bbox 656 2956 698 2998; x_wconf 92' lang='lat' dir='ltr'><strong>ne</strong></span> <span class='ocrx_word' id='word_1_118' title='bbox 722 2934 838 3000; x_wconf 90' lang='lat' dir='ltr'><strong>addito</strong></span> <span class='ocrx_word' id='word_1_119' title='bbox 860 2936 956 3000; x_wconf 90' lang='lat' dir='ltr'><strong>acido</strong></span> <span class='ocrx_word' id='word_1_120' title='bbox 983 2933 1255 3021; x_wconf 80' lang='lat' dir='ltr'><strong>hydrosulfurico</strong></span> <span class='ocrx_word' id='word_1_121' title='bbox 1278 2953 1361 2996; x_wconf 87' lang='lat' dir='ltr'><strong>neve</strong></span> <span class='ocrx_word' id='word_1_122' title='bbox 1384 2930 1488 2995; x_wconf 81' lang='lat' dir='ltr'><strong>sulfo-</strong></span> 
     </span>
     <span class='ocr_line' id='line_1_22' title="bbox 357 3038 1489 3126; baseline -0.002 -23"><span class='ocrx_word' id='word_1_123' title='bbox 357 3040 499 3126; x_wconf 87' lang='lat' dir='ltr'><strong>bydrcte</strong></span> <span class='ocrx_word' id='word_1_124' title='bbox 511 3041 696 3106; x_wconf 90' lang='lat' dir='ltr'><strong>ammonico</strong></span> <span class='ocrx_word' id='word_1_125' title='bbox 709 3042 851 3125; x_wconf 87' lang='lat' dir='ltr'><strong>speciem</strong></span> <span class='ocrx_word' id='word_1_126' title='bbox 865 3048 988 3120; x_wconf 86' lang='lat' dir='ltr'><strong>mutet;</strong></span> <span class='ocrx_word' id='word_1_127' title='bbox 1009 3063 1163 3107; x_wconf 90' lang='lat' dir='ltr'><strong>unacum</strong></span> <span class='ocrx_word' id='word_1_128' title='bbox 1172 3039 1350 3105; x_wconf 83' lang='lat' dir='ltr'><strong>carbonata</strong></span> <span class='ocrx_word' id='word_1_129' title='bbox 1359 3038 1489 3103; x_wconf 86' lang='lat' dir='ltr'><strong>natrice</strong></span> 
     </span>
     <span class='ocr_line' id='line_1_23' title="bbox 357 3147 1284 3234; baseline -0.002 -22"><span class='ocrx_word' id='word_1_130' title='bbox 357 3147 547 3224; x_wconf 80' lang='lat' dir='ltr'><strong>calefactus,</strong></span> <span class='ocrx_word' id='word_1_131' title='bbox 572 3147 680 3212; x_wconf 87' lang='lat' dir='ltr'><strong>clarus</strong></span> <span class='ocrx_word' id='word_1_132' title='bbox 705 3149 759 3225; x_wconf 89' lang='lat' dir='ltr'><strong>sit,</strong></span> <span class='ocrx_word' id='word_1_133' title='bbox 783 3170 845 3234; x_wconf 87' lang='lat' dir='ltr'><strong>gaz</strong></span> <span class='ocrx_word' id='word_1_134' title='bbox 867 3149 1053 3214; x_wconf 85' lang='lat' dir='ltr'><strong>ammonias</strong></span> <span class='ocrx_word' id='word_1_135' title='bbox 1077 3170 1118 3212; x_wconf 92' lang='lat' dir='ltr'><strong>ne</strong></span> <span class='ocrx_word' id='word_1_136' title='bbox 1142 3147 1284 3211; x_wconf 86' lang='lat' dir='ltr'><strong>emittat.</strong></span> 
     </span>
    </p>

    <p class='ocr_par' dir='ltr' id='par_1_10' title="bbox 358 3253 1489 3447">
     <span class='ocr_line' id='line_1_24' title="bbox 402 3253 1489 3339; baseline -0.004 -21"><span class='ocrx_word' id='word_1_137' title='bbox 402 3255 444 3318; x_wconf 95' lang='lat' dir='ltr'><strong>In</strong></span> <span class='ocrx_word' id='word_1_138' title='bbox 473 3275 560 3339; x_wconf 87' lang='lat' dir='ltr'><strong>aqua</strong></span> <span class='ocrx_word' id='word_1_139' title='bbox 582 3256 615 3339; x_wconf 95' lang='grc'><strong>(1</strong></span> <span class='ocrx_word' id='word_1_140' title='bbox 634 3280 668 3314; x_wconf 88' lang='lat'>=</span> <span class='ocrx_word' id='word_1_141' title='bbox 686 3257 743 3338; x_wconf 87' lang='lat'><strong>50)</strong></span> <span class='ocrx_word' id='word_1_142' title='bbox 766 3256 905 3334; x_wconf 89' lang='lat' dir='ltr'><strong>solutus,</strong></span> <span class='ocrx_word' id='word_1_143' title='bbox 930 3255 1045 3320; x_wconf 89' lang='lat' dir='ltr'><strong>addito</strong></span> <span class='ocrx_word' id='word_1_144' title='bbox 1069 3255 1193 3319; x_wconf 85' lang='lat' dir='ltr'><strong>nitrate</strong></span> <span class='ocrx_word' id='word_1_145' title='bbox 1216 3253 1396 3339; x_wconf 83' lang='lat' dir='ltr'><strong>argentico,</strong></span> <span class='ocrx_word' id='word_1_146' title='bbox 1420 3273 1489 3316; x_wconf 93' lang='lat' dir='ltr'><strong>non</strong></span> 
     </span>
     <span class='ocr_line' id='line_1_25' title="bbox 358 3359 1413 3447; baseline -0.004 -21"><span class='ocrx_word' id='word_1_147' title='bbox 358 3361 469 3426; x_wconf 90' lang='lat' dir='ltr'><strong>minus</strong></span> <span class='ocrx_word' id='word_1_148' title='bbox 492 3381 591 3446; x_wconf 88' lang='lat' dir='ltr'><strong>quam</strong></span> <span class='ocrx_word' id='word_1_149' title='bbox 615 3382 674 3446; x_wconf 89' lang='lat' dir='ltr'><strong>per</strong></span> <span class='ocrx_word' id='word_1_150' title='bbox 697 3362 799 3426; x_wconf 87' lang='lat' dir='ltr'><strong>borae</strong></span> <span class='ocrx_word' id='word_1_151' title='bbox 822 3367 950 3447; x_wconf 87' lang='lat' dir='ltr'><strong>partem</strong></span> <span class='ocrx_word' id='word_1_152' title='bbox 973 3361 1202 3426; x_wconf 88' lang='lat' dir='ltr'><strong>duodecimam</strong></span> <span class='ocrx_word' id='word_1_153' title='bbox 1225 3361 1335 3424; x_wconf 88' lang='lat' dir='ltr'><strong>clarus</strong></span> <span class='ocrx_word' id='word_1_154' title='bbox 1359 3359 1413 3423; x_wconf 84' lang='lat' dir='ltr'><strong>sit.</strong></span> 
     </span>
    </p>

    <p class='ocr_par' dir='ltr' id='par_1_11' title="bbox 358 3463 1490 3870">
     <span class='ocr_line' id='line_1_26' title="bbox 403 3463 1490 3553; baseline -0.004 -22"><span class='ocrx_word' id='word_1_155' title='bbox 403 3467 472 3531; x_wconf 81' lang='lat' dir='ltr'><strong>Gan</strong></span> <span class='ocrx_word' id='word_1_156' title='bbox 506 3467 615 3531; x_wconf 90' lang='lat' dir='ltr'><strong>oriens</strong></span> <span class='ocrx_word' id='word_1_157' title='bbox 650 3489 668 3530; x_wconf 87' lang='lat' dir='ltr'><strong>e</strong></span> <span class='ocrx_word' id='word_1_158' title='bbox 704 3468 789 3532; x_wconf 83' lang='lat' dir='ltr'><strong>zinci</strong></span> <span class='ocrx_word' id='word_1_159' title='bbox 822 3467 932 3532; x_wconf 84' lang='lat' dir='ltr'><strong>frusto</strong></span> <span class='ocrx_word' id='word_1_160' title='bbox 965 3471 1123 3553; x_wconf 83' lang='lat' dir='ltr'><strong>reagcnte</strong></span> <span class='ocrx_word' id='word_1_161' title='bbox 1145 3466 1182 3530; x_wconf 93' lang='lat' dir='ltr'><strong>in</strong></span> <span class='ocrx_word' id='word_1_162' title='bbox 1204 3464 1347 3530; x_wconf 81' lang='lat' dir='ltr'><strong>Suliatis</strong></span> <span class='ocrx_word' id='word_1_163' title='bbox 1370 3463 1490 3528; x_wconf 88' lang='lat' dir='ltr'><strong>natrici</strong></span> 
     </span>
     <span class='ocr_line' id='line_1_27' title="bbox 358 3571 1490 3658; baseline -0.003 -22"><span class='ocrx_word' id='word_1_164' title='bbox 358 3579 544 3658; x_wconf 86' lang='lat' dir='ltr'><strong>grammata</strong></span> <span class='ocrx_word' id='word_1_165' title='bbox 569 3576 588 3636; x_wconf 79' lang='lat'><strong>2</strong></span> <span class='ocrx_word' id='word_1_166' title='bbox 610 3573 647 3637; x_wconf 93' lang='lat' dir='ltr'><strong>in</strong></span> <span class='ocrx_word' id='word_1_167' title='bbox 669 3574 755 3640; x_wconf 84' lang='lat' dir='ltr'><strong>acidi</strong></span> <span class='ocrx_word' id='word_1_168' title='bbox 778 3573 930 3639; x_wconf 80' lang='lat' dir='ltr'><strong>salim-ici</strong></span> <span class='ocrx_word' id='word_1_169' title='bbox 952 3573 1051 3638; x_wconf 85' lang='lat' dir='ltr'><strong>diluti</strong></span> <span class='ocrx_word' id='word_1_170' title='bbox 1074 3572 1279 3638; x_wconf 88' lang='lat' dir='ltr'><strong>centimetris</strong></span> <span class='ocrx_word' id='word_1_171' title='bbox 1302 3571 1425 3636; x_wconf 88' lang='lat' dir='ltr'><strong>cubicis</strong></span> <span class='ocrx_word' id='word_1_172' title='bbox 1447 3573 1490 3634; x_wconf 91' lang='lat'><strong>10</strong></span> 
     </span>
     <span class='ocr_line' id='line_1_28' title="bbox 358 3676 1489 3763; baseline -0.001 -23"><span class='ocrx_word' id='word_1_173' title='bbox 358 3677 469 3740; x_wconf 86' lang='lat' dir='ltr'><strong>soluta</strong></span> <span class='ocrx_word' id='word_1_174' title='bbox 490 3677 639 3742; x_wconf 88' lang='lat' dir='ltr'><strong>chartam</strong></span> <span class='ocrx_word' id='word_1_175' title='bbox 663 3677 819 3755; x_wconf 85' lang='lat' dir='ltr'><strong>bibulam,</strong></span> <span class='ocrx_word' id='word_1_176' title='bbox 843 3678 991 3743; x_wconf 88' lang='lat' dir='ltr'><strong>chloreto</strong></span> <span class='ocrx_word' id='word_1_177' title='bbox 1004 3677 1246 3763; x_wconf 66' lang='lat' dir='ltr'><strong>hydrargpnico</strong></span> <span class='ocrx_word' id='word_1_178' title='bbox 1257 3676 1489 3754; x_wconf 81' lang='lat' dir='ltr'><strong>madefactam,</strong></span> 
     </span>
     <span class='ocr_line' id='line_1_29' title="bbox 358 3781 1261 3870; baseline 0.003 -25"><span class='ocrx_word' id='word_1_179' title='bbox 358 3781 481 3846; x_wconf 88' lang='lat' dir='ltr'><strong>flavam</strong></span> <span class='ocrx_word' id='word_1_180' title='bbox 504 3805 545 3847; x_wconf 89' lang='lat' dir='ltr'><strong>ne</strong></span> <span class='ocrx_word' id='word_1_181' title='bbox 568 3783 687 3848; x_wconf 91' lang='lat' dir='ltr'><strong>reddat</strong></span> <span class='ocrx_word' id='word_1_182' title='bbox 708 3784 799 3847; x_wconf 87' lang='lat' dir='ltr'><strong>intra</strong></span> <span class='ocrx_word' id='word_1_183' title='bbox 822 3785 923 3848; x_wconf 88' lang='lat' dir='ltr'><strong>horae</strong></span> <span class='ocrx_word' id='word_1_184' title='bbox 946 3789 1075 3869; x_wconf 86' lang='lat' dir='ltr'><strong>partem</strong></span> <span class='ocrx_word' id='word_1_185' title='bbox 1099 3789 1261 3870; x_wconf 89' lang='lat' dir='ltr'><strong>quartam.</strong></span> 
     </span>
    </p>

    <p class='ocr_par' dir='ltr' id='par_1_12' title="bbox 361 3889 1492 4170">
     <span class='ocr_line' id='line_1_30' title="bbox 405 3889 1491 3976; baseline -0.001 -23"><span class='ocrx_word' id='word_1_186' title='bbox 405 3889 484 3954; x_wconf 92' lang='lat' dir='ltr'><strong>Pro</strong></span> <span class='ocrx_word' id='word_1_187' title='bbox 519 3890 692 3956; x_wconf 80' lang='lat' dir='ltr'><strong>Suliate</strong></span> <span class='ocrx_word' id='word_1_188' title='bbox 726 3891 908 3968; x_wconf 85' lang='lat' dir='ltr'><strong>natrico,</strong></span> <span class='ocrx_word' id='word_1_189' title='bbox 944 3891 1016 3954; x_wconf 93' lang='lat' dir='ltr'><strong>ubi</strong></span> <span class='ocrx_word' id='word_1_190' title='bbox 1046 3892 1093 3954; x_wconf 90' lang='lat' dir='ltr'><strong>in</strong></span> <span class='ocrx_word' id='word_1_191' title='bbox 1116 3893 1297 3976; x_wconf 85' lang='lat' dir='ltr'><strong>pulvere</strong></span> <span class='ocrx_word' id='word_1_192' title='bbox 1321 3909 1491 3975; x_wconf 91' lang='lat' dir='ltr'><strong>compo-</strong></span> 
     </span>
     <span class='ocr_line' id='line_1_31' title="bbox 361 3995 1492 4083; baseline 0.002 -25"><span class='ocrx_word' id='word_1_193' title='bbox 361 3995 448 4060; x_wconf 89' lang='lat' dir='ltr'><strong>sito</strong></span> <span class='ocrx_word' id='word_1_194' title='bbox 479 3998 785 4083; x_wconf 87' lang='lat' dir='ltr'><strong>praescriptus</strong></span> <span class='ocrx_word' id='word_1_195' title='bbox 816 3998 918 4074; x_wconf 87' lang='lat' dir='ltr'><strong>erit,</strong></span> <span class='ocrx_word' id='word_1_196' title='bbox 943 4019 1020 4082; x_wconf 90' lang='lat' dir='ltr'><strong>par</strong></span> <span class='ocrx_word' id='word_1_197' title='bbox 1043 3999 1272 4082; x_wconf 88' lang='lat' dir='ltr'><strong>quantitas</strong></span> <span class='ocrx_word' id='word_1_198' title='bbox 1297 3995 1492 4062; x_wconf 85' lang='lat' dir='ltr'><strong>Sulfatis</strong></span> 
     </span>
     <span class='ocr_line' id='line_1_32' title="bbox 362 4103 1116 4170; baseline 0.007 -7"><span class='ocrx_word' id='word_1_199' title='bbox 362 4103 523 4166; x_wconf 89' lang='lat' dir='ltr'><strong>natrici</strong></span> <span class='ocrx_word' id='word_1_200' title='bbox 555 4105 767 4169; x_wconf 85' lang='lat' dir='ltr'><strong>exsiccati</strong></span> <span class='ocrx_word' id='word_1_201' title='bbox 799 4103 1116 4170; x_wconf 86' lang='lat' dir='ltr'><strong>substituatur.</strong></span> 
     </span>
    </p>
   </div>
   <div class='ocr_carea' id='block_1_7' title="bbox 0 0 1787 5044">
    <p class='ocr_par' dir='ltr' id='par_1_13' title="bbox 0 0 1787 5044">
     <span class='ocr_line' id='line_1_33' title="bbox 0 0 1787 5044; baseline 0 0"><span class='ocrx_word' id='word_1_202' title='bbox 0 0 1787 5044; x_wconf 95' lang='lat' dir='ltr'><strong> </strong></span> 
     </span>
    </p>
   </div>
  </div>
 </body>
</html>
