3544 5050
859 511 923 578 372

323 708 468 794 toxylini
495 707 603 792 guttis
627 710 656 784 2,
680 708 852 772 retrotitra
875 729 934 792 per
957 707 1156 772 solutionem
1181 707 1334 792 hydratis
1357 708 1458 774 kalici

323 814 587 880 deciuormalcm.
623 813 719 879 Acidi
754 815 921 879 coniuncti
953 815 1150 880 centimetra
1179 814 1295 880 cubica
1325 815 1458 901 singula

324 921 579 988 alcaloideorum
602 921 874 1007 milligrammata
898 922 974 999 36,4
997 921 1156 986 indicant.

369 1028 482 1092 Pulvis
498 1027 643 1093 Seminis
671 1026 841 1113 Strychni,
866 1049 964 1113 quem
986 1028 1051 1092 hoc
1074 1029 1302 1113 experimento
1326 1026 1457 1092 alcaloi-

324 1135 462 1200 deorum
485 1135 595 1199 minus
618 1156 718 1219 quam
742 1137 855 1219 partes
874 1135 1072 1200 centesimas
1095 1138 1147 1212 2,5
1167 1135 1338 1201 continere
1357 1155 1457 1220 appa·
1547 1207 1548 1210 Ἴ

324 1247 406 1320 reat,
443 1243 478 1306 in
512 1241 782 1328 pharmacopolio
816 1262 858 1305 ne
893 1240 1091 1306 adhibeatur
1125 1242 1190 1306 nisi
1213 1245 1252 1305 ut
1280 1243 1459 1308 misceatur

325 1351 458 1436 pulvere
480 1349 737 1414 alcaloideorum
762 1347 863 1412 nimis
886 1349 1088 1413 continente.
1125 1349 1268 1432 Pulvsri
1292 1349 1349 1435 qui
1373 1349 1458 1414 alca·

325 1456 510 1522 loideorum
552 1455 627 1541 plus
668 1475 768 1540 quam
811 1459 924 1540 partes
958 1455 1158 1520 centesimas
1194 1459 1246 1534 2,5
1277 1457 1456 1534 contiueat,
1549 1461 1552 1467 '

325 1562 514 1629 addendum
539 1567 590 1627 est
612 1561 757 1647 pulveris
780 1561 970 1626 alcaloideis
994 1563 1124 1648 egentis
1147 1563 1200 1627 vei
1216 1563 1317 1649 amyli
1338 1585 1458 1648 oryzae

327 1676 461 1736 tantum
483 1673 522 1733 ut
540 1669 649 1733 iustus
669 1668 817 1754 partium
835 1670 1090 1733 centesimarum
1106 1691 1264 1735 numerus
1282 1670 1456 1736 efficiatur.

339 1829 342 1836 .
371 1776 484 1842 Pulvis
519 1775 664 1840 Seminis
699 1775 859 1860 Strychni
894 1774 1088 1840 combustus
1122 1777 1243 1841 cineris
1277 1798 1319 1841 ne
1347 1777 1457 1842 minus

320 1905 425 1970 quam
449 1887 577 1968 partem
601 1881 816 1947 centesimam
842 1886 858 1945 1
884 1903 968 1946 neve
991 1882 1188 1968 plusquam
1212 1885 1232 1947 3
1256 1883 1429 1969 relinquat.

425 2026 537 2085 Doses
559 2025 737 2084 maximae
759 2026 918 2100 singulae
939 2025 1270 2101 milligrammatum
1292 2027 1359 2089 150.

317 2123 326 2157 ·“
425 2125 537 2184 Dcses
559 2125 739 2184 maximae
760 2124 797 2182 in
820 2125 925 2183 horas
947 2123 1090 2184 vicenas
1112 2130 1301 2199 quaternas

467 2221 801 2296 milligrammatum
821 2221 889 2282 500.

574 2626 624 2725 -Ι-
657 2628 848 2726 Samen
883 2628 1123 2751 syzygia

376 2811 512 2875 Semina
553 2831 638 2894 quae
672 2807 810 2894 praebet
845 2809 1040 2893 Eugeuia
1074 2809 1336 2886 Iambolana,
1372 2809 1458 2874 Lau.

332 2917 455 3002 Encyc.
501 2916 566 2980 III.
619 2919 682 2980 198
728 2915 982 3000 (Syzygium
1040 2914 1351 2993 Iambolanum‚
1387 2913 1458 2982 DC.

332 3023 429 3089 Prod.
453 3023 517 3088 ΙΙΙ.
539 3025 627 3106 259),
647 3044 788 3108 quorum
807 3043 882 3086 cum
901 3022 1181 3107 spermodermide
1200 3027 1343 3087 stratum
1362 3027 1461 3087 tenuo

331 3132 570 3196 elementorum
612 3129 896 3214 puchytichorum‚
937 3151 957 3192 a
991 3130 1200 3215 sarcocarpio
1235 3128 1459 3205 oriundorum,

331 3238 465 3306 coaluit.

378 3379 585 3446 Centimetra
617 3379 660 3444 ad
696 3381 749 3456 2.3
783 3378 884 3464 longa
918 3384 1007 3456 sunt,
1031 3399 1144 3444 crassa
1165 3379 1208 3444 sd
1230 3379 1462 3445 centimetrum

336 3493 364 3565 1,
407 3486 590 3573 cylindrica
631 3485 900 3551 extremitatibus
947 3484 1087 3564 obtusis,
1133 3487 1268 3571 paulum
1313 3490 1460 3551 curvata.

333 3595 584 3679 Nonnunquam
618 3593 745 3658 semina
781 3595 800 3656 2
835 3593 1040 3670 coaluerunt,
1075 3593 1163 3658 unde
1198 3594 1307 3657 forma
1340 3591 1380 3656 iis
1411 3598 1463 3657 est

334 3701 441 3786 magis
467 3701 623 3766 enormis.
648 3700 912 3786 Spermodermis
935 3700 1017 3765 satis
1041 3702 1160 3778 tenuis,
1187 3701 1371 3780 chartacea,
1395 3722 1463 3766 non

334 3810 383 3873 ita
402 3807 532 3894 fragilis
539 3830 546 3890 ;
569 3807 760 3892 superficies
780 3807 925 3872 exterior
943 3806 1187 3893 quodammodo
1207 3829 1333 3893 aspera,
1347 3809 1463 3874 obscu-

333 3917 403 3980 rius
429 3914 637 3992 iuscorubra
666 3915 805 3980 maculis
828 3914 1027 3991 enormibus,
1051 3915 1232 3980 maioribus
1255 3916 1308 3980 vel
1331 3915 1466 3979 minori-

336 4023 408 4100 bus,
444 4023 532 4087 clare
564 4021 800 4107 fuscogriseis;
836 4022 1026 4107 superficies
1059 4021 1200 4087 interior
1220 4021 1465 4108 quodammodo

335 4129 428 4204 levis,
463 4129 646 4194 clarissime
676 4128 893 4214 griseofusca.
933 4129 1033 4193 Hilus
1056 4129 1092 4192 in
1114 4130 1220 4194 altera
1242 4130 1463 4216 extremitate,

337 4237 530 4322 plerumque
553 4236 651 4301 facile
669 4236 867 4321 conspicuus
886 4236 981 4321 quasi
1000 4235 1123 4300 lineola
1134 4235 1283 4314 obscura,
1296 4235 1465 4301 interdum
