3532 5034
834 499 897 562 481

391 687 440 785 -Ι-
474 692 647 785 Vinum
683 693 887 786 Rhamni
923 695 1259 791 Pursbianac.

616 887 751 956 Vinum
774 888 925 956 (ἔπειτα
950 888 1119 972 siginus

347 1045 535 1110 Pursndum
558 1069 576 1110 s

398 1159 533 1210 corticis
566 1159 708 1210 Rhamni
744 1159 944 1214 summme
974 1156 1013 1213 in
1044 1157 1243 1234 pulverem
1275 1159 1353 1236 (Bw)

440 1249 595 1310 reducti
615 1251 801 1329 passibus
821 1251 950 1311 decem
977 1298 1346 1316 ..........
1396 1258 1433 1316 10

302 1353 335 1412 et

398 1460 476 1512 Vini
497 1461 689 1514 Malacam
709 1457 896 1534 partibus
917 1463 1072 1517 centum
1099 1504 1347 1518 .......
1377 1461 1433 1519 100

345 1553 470 1638 Liquor
492 1554 611 1633 clarus,
634 1553 863 1634 rubroiuscus,
887 1577 1030 1622 umarus.

346 1659 423 1724 Vini
435 1661 579 1726 Rhamni
591 1661 795 1726 Purshisnae
807 1663 1096 1748 guttisbstuquuc
1108 1663 1304 1729 centimetro
1315 1664 1431 1730 cubico

304 1771 319 1829 1
355 1767 543 1833 commixtis
573 1789 649 1833 cum
678 1769 823 1834 aetheris
853 1769 1058 1835 centimetris
1080 1770 1205 1835 cubicis
1229 1774 1248 1835 5
1271 1792 1431 1857 conquus-

300 1873 391 1952 suiis,
414 1874 524 1960 liquor
546 1875 721 1940 scthsrcus
737 1875 845 1942 flavus
856 1877 910 1941 sit.
935 1876 1010 1956 Quo
1020 1877 1149 1962 liquore
1160 1897 1235 1942 cum
1247 1878 1431 1943 ammonius

299 1980 503 2047 centimetris
533 1982 658 2048 cubicis
689 1985 709 2046 3
736 1988 966 2069 conquussuiO,
989 1983 1098 2069 liquor
1120 2005 1265 2068 uquosus
1288 1984 1431 2048 colorem

299 2088 403 2151 trahit
426 2089 565 2154 obscure
586 2090 735 2155 rubrum.

766 2389 969 2397 -n--mv———u—

612 2631 662 2729 ÷
696 2636 869 2729 Vinum
905 2635 1038 2728 nisi.

346 2811 574 2876 Pursndumc

399 2924 528 2976 nadicis
551 2924 634 2975 nusi
658 2920 697 2976 in
725 2917 856 2976 discos
887 2918 1144 2976 tenuissimos
1172 2919 1353 2978 concisas

437 3017 624 3094 partibus
645 3035 779 3074 novem
818 3060 1346 3076 ..............
1414 3019 1431 3075 9

397 3121 537 3173 semini·
566 3120 769 3172 cudnmomi
799 3115 838 3171 in
865 3114 1063 3191 pulverem
1091 3115 1170 3192 (Bm)
1198 3114 1353 3173 redacti

437 3219 549 3290 purte
570 3232 644 3270 uns.
657 3255 1346 3272 ..................
1415 3213 1430 3270 l

397 3315 474 3367 Vini
498 3316 689 3368 nascentis
712 3311 897 3386 partibus
918 3315 1072 3368 centum
1099 3354 1346 3369 .......
1376 3310 1433 3368 100

345 3407 468 3493 Liquor
491 3407 609 3486 clarus,
633 3405 864 3474 rubrobiscus.

345 3512 422 3576 Vini
451 3513 536 3578 Rhsi
563 3514 670 3598 guttis
694 3517 713 3578 5
737 3519 771 3578 st
794 3535 899 3600 squsc
922 3512 1127 3579 centimetris
1151 3511 1276 3577 cubicis
1301 3515 1320 3575 2
1344 3533 1430 3576 com·

300 3619 413 3685 mixtis
432 3642 508 3684 cum
522 3621 667 3684 uctbsris
683 3621 886 3686 centimetris
898 3619 1024 3685 cubicis
1037 3623 1056 3683 5
1069 3619 1308 3704 conquassatis,
1321 3618 1431 3704 liquor

299 3726 472 3791 aethereus
495 3727 603 3791 flavus
626 3727 680 3791 sit.
705 3726 779 3805 Quo
801 3727 930 3812 liquore
941 3747 1016 3791 cum
1028 3724 1214 3790 ammonius
1225 3723 1430 3789 centimetris

299 3832 424 3897 cubicis
443 3835 463 3897 3
482 3838 712 3918 conquassato,
732 3833 841 3917 liquor
862 3853 1007 3918 uquosus
1019 3833 1163 3897 colorem
1173 3831 1279 3894 trahit
1290 3830 1430 3895 obscure
