3582 5034
871 515 936 580 284

386 708 569 805 ticum
604 711 1050 805 Teretinttinae
1084 712 1418 831 depuratum.

380 887 520 952 Destilla

406 1079 412 1088 ·
433 999 502 1051 0101
522 999 769 1052 'terebinthinae
790 1001 943 1073 partem
965 1016 1076 1054 unam
1116 1040 1364 1057 .......
1453 997 1467 1054 1

335 1095 395 1160 per
434 1171 545 1232 Aquae
565 1169 701 1242 partes
722 1183 787 1222 sex
836 1208 1365 1228 ..............
1452 1165 1469 1222 6

334 1265 368 1326 et
379 1261 550 1347 paululum
562 1261 658 1328 lactis
670 1263 779 1340 calcis,
792 1263 872 1328 dum
885 1263 949 1328 olei
961 1268 1074 1349 partes
1087 1265 1107 1328 3
1120 1262 1324 1328 transierint.
1349 1263 1466 1328 Oleum

335 1367 509 1434 collectum
533 1390 620 1454 equa
642 1369 838 1435 adhaerenti
860 1370 974 1436 libera.

380 1472 525 1553 Clarum,
549 1476 670 1542 coloris
694 1497 829 1562 expers;
853 1476 937 1542 odor
959 1477 1123 1562 proprius,
1136 1476 1355 1556 aromaticus;
1368 1497 1467 1563 sapor

334 1581 584 1661 amariusculue,
609 1605 693 1649 acer.
719 1583 852 1648 Pondus
872 1583 1172 1669 specificum0,860
1195 1583 1237 1648 ad
1260 1583 1369 1661 0872.

379 1688 498 1754 Oleum
511 1691 768 1756 Terebinthinae
779 1691 979 1777 depuratum
990 1690 1025 1753 in
1037 1689 1123 1754 acidi
1134 1689 1250 1755 acetici
1262 1689 1467 1756 concentrati

334 1795 407 1881 pari
429 1797 598 1862 volumine
621 1797 780 1874 solvatur,
804 1819 865 1862 nec
877 1797 988 1861 minus
1000 1796 1034 1859 in
1048 1795 1185 1882 spiritus
1197 1794 1423 1862 voluminibus
1435 1798 1465 1873 6,

334 1923 419 1987 quae
442 1903 552 1968 soluta
574 1907 724 1971 chartam
748 1904 1005 1990 exploratoriam
1029 1903 1223 1981 caemleam,
1244 1901 1466 1968 madefactam

336 2030 378 2073 ne
400 2008 543 2075 reddant
565 2011 711 2077 mbram.
996 2091 999 2098 ¹

379 2114 498 2180 Oleum
510 2117 767 2183 Terebinthinae
782 2117 979 2204 depuratum
995 2117 1083 2181 inter
1097 2115 1217 2182 caloris
1228 2115 1352 2200 gradus
1366 2117 1466 2180 155ῑιΙιι

335 2227 369 2287 et
383 2225 484 2288 165ιιιῘΙ
507 2224 705 2290 destillatur.

798 2425 1002 2440 ᾖ

669 2540 720 2637 ·Ι·
754 2542 1051 2639 olitanam.

377 2702 622 2768 Gummiresina
644 2724 744 2788 quam
768 2701 929 2788 praebent
952 2702 1064 2767 variae
1080 2703 1205 2789 species
1217 2703 1349 2789 generis
1368 2705 1465 2770 Bos·

332 2810 513 2888 walliae,
536 2831 677 2896 quarum
700 2810 906 2875 nominande
928 2815 980 2875 est
1003 2811 1236 2875 Boswellia
1260 2809 1464 2890 Carterii,

332 2916 463 2980 Blanw.
487 2917 522 2981 in
545 2918 661 2982 Trans.
686 2917 783 2982 Linn.
808 2917 882 2983 Soc.
905 2916 1046 2982 XXVII.
1071 2919 1188 3003 (1870)
1211 2921 1286 2982 143.

377 3023 484 3088 Sucus
506 3025 632 3090 lacteus
654 3045 715 3089 sua
738 3029 858 3110 sponte
880 3047 898 3089 e
920 3025 1024 3110 stirpe
1046 3024 1220 3110 profluens
1238 3025 1466 3093 autexincisa

331 3129 435 3214 stirpe
459 3129 598 3209 elicitus,
622 3153 697 3196 aare
720 3131 906 3197 induratus.

376 3272 488 3337 Grana
523 3273 814 3360 oblongorotunde
847 3275 902 3339 vel
935 3274 1147 3361 subgiobosa‚
1183 3273 1350 3339 interdum
1377 3273 1465 3339 inter

331 3400 367 3444 se
397 3381 619 3460 cohaerentia,
651 3382 747 3459 sicca,
779 3381 922 3467 fragilia,
946 3380 1096 3446 fractura
1117 3381 1233 3460 vitrea,
1259 3381 1465 3447 extrinsecus

330 3485 571 3572 pulverulenta,
595 3510 664 3553 non
686 3489 829 3553 nitentia
848 3489 902 3552 vel
923 3487 1164 3573 subperlucida,
1184 3487 1296 3553 albida
1314 3487 1367 3552 vel
1387 3488 1463 3553 sub-

332 3591 423 3657 flava
441 3593 495 3657 vel
514 3595 686 3662 subrubra.
712 3594 883 3661 Calefacta
905 3616 973 3659 non
996 3599 1069 3660 tota
1083 3594 1271 3679 liquescunt
1282 3600 1316 3660 et
1327 3595 1462 3660 odorem

330 3699 696 3767 balsamicoresinosum
721 3707 892 3788 spargunt.
918 3700 1003 3768 Cum
1022 3701 1244 3766 masticantur
1255 3701 1461 3768 mollescunt.

332 3805 425 3870 Odor
443 3808 708 3875 subaromaticus
718 3830 726 3889 ;
750 3830 850 3894 sapor
869 3807 1016 3885 subaoen
1030 3807 1235 3886 subamarus,
1248 3807 1462 3894 refrigerans.

377 3911 511 3978 Olibani
524 3915 671 4000 pulveris
683 3919 861 4000 grammal
877 3915 905 3979 si
917 3937 992 3981 cum
1004 3915 1142 4001 spiritus
1154 3915 1361 3981 centimetris
1372 3914 1463 3979 cubi-

330 4019 378 4085 cis
399 4021 441 4084 20
461 4026 656 4088 concoctum
669 4023 742 4101 erit,
756 4044 842 4108 pars,
855 4045 940 4108 quae
951 4022 1150 4108 refrigerata
1162 4022 1249 4087 solvi
1260 4043 1328 4086 non
1340 4025 1461 4107 potest,

330 4127 453 4192 siccata
471 4128 591 4193 caloris
610 4130 717 4215 gradu
739 4132 827 4209 100⁰,
840 4131 1148 4216 milh'grammatum
1160 4151 1228 4194 non
1241 4128 1351 4194 miuus
1362 4150 1461 4214 quam

332 4235 397 4298 200
431 4256 537 4322 neque
571 4237 646 4323 plus
680 4259 780 4323 quam
816 4240 881 4303 500
908 4238 961 4302 sit.
987 4237 1118 4303 Solutio
1141 4237 1332 4322 spirituosa,
1356 4255 1460 4321 aquae
