3544 5050
872 495 938 558 426

723 685 1098 809 Suppositorie

383 865 625 950 Suppositorio‚
659 865 725 929 nisi
758 865 856 930 aliter
877 865 1119 952 praescriptum
1142 865 1216 943 erit,
1240 865 1289 930 ite
1311 870 1473 951 parentur

338 975 376 1035 ut
409 971 685 1037 medioomentum
720 973 803 1037 Oleo
837 972 947 1038 Cooeo
976 973 1165 1050 mieoeetur,
1188 971 1312 1049 addite,
1336 973 1365 1036 oi
1388 993 1473 1057 opus

338 1079 411 1154 erit,
447 1077 552 1143 Cerae
582 1079 689 1145 flavae
712 1079 766 1143 vel
789 1079 864 1144 Olei
887 1080 1016 1146 Soeemi
1038 1080 1227 1166 quontitate
1249 1101 1362 1166 parvo,
1386 1099 1471 1164 queo

339 1207 449 1249 moeso
471 1185 507 1249 in
529 1185 673 1251 formam
694 1186 892 1271 requisitam
912 1186 1096 1272 redigatur.

384 1291 421 1356 Si
454 1314 516 1378 pro
550 1292 634 1357 Oleo
668 1291 777 1358 Coeno
812 1315 922 1358 mosen
954 1294 1141 1380 gelntinose
1170 1295 1376 1380 praescripto
1397 1293 1471 1370 erit,

338 1421 423 1484 quoe
445 1398 480 1463 in
505 1399 639 1465 Becillis
661 1400 856 1486 geintinosie
878 1401 1084 1486 praescripto
1107 1406 1186 1465 nunt
1210 1401 1303 1485 sequi
1325 1399 1448 1465 licebit.

383 1507 523 1591 Singula
546 1507 788 1593 Suppositorie,
812 1507 878 1572 nisi
892 1508 991 1572 alitor
1002 1507 1243 1593 praescriptum
1255 1507 1328 1585 erit,
1341 1507 1473 1592 pondus

339 1614 484 1678 habeant
518 1619 740 1699 grammatum
774 1617 795 1679 3
824 1636 910 1700 quoe
940 1614 1074 1692 adultis,
1098 1619 1322 1700 grammatum
1345 1616 1365 1676 2
1388 1633 1473 1698 quoe

339 1719 526 1786 infantibus
549 1727 719 1806 parentur.

792 2079 1015 2172 Tatoum.

731 2257 879 2325 Tolenm
903 2257 1082 2324 venetum.

386 2399 500 2463 Pulvis
533 2400 637 2476 albus,
673 2399 899 2478 tenuissimus,
923 2399 1036 2464 odorio
1059 2419 1188 2484 expers,
1212 2405 1305 2462 tactu
1327 2395 1472 2484 pinguis,

341 2505 518 2570 maximam
557 2511 686 2592 portem
728 2507 855 2571 silioete
898 2505 1087 2591 megneeioo
1126 2527 1245 2590 equom
1280 2503 1473 2570 continente

341 2618 508 2680 constane.

385 2719 521 2784 Teloum
556 2719 591 2782 in
624 2743 711 2805 equa
746 2743 812 2786 non
841 2719 992 2797 solvitur,
1017 2741 1101 2784 neve
1124 2717 1228 2784 noidis
1249 2717 1367 2781 dilutis
1389 2737 1474 2780 neve

341 2825 490 2890 oloelinie
513 2831 671 2893 mutetur.

385 2930 521 2997 Telcum
544 2932 777 2998 nendefeotum
800 2933 943 3019 speeiem
966 2953 1008 2996 ne
1032 2935 1149 2996 mutet.

669 3303 1143 3400 Tannatbuminum.

773 3482 1050 3549 Rnnnlbinnm.

389 3573 488 3638 Solve

345 3761 352 3774 ⁸
441 3685 626 3738 Albuminis
646 3687 789 3736 Ovorum
815 3681 928 3737 nicenti
950 3677 1234 3756 partosdooem
1262 3723 1268 3736 .
1302 3723 1308 3736 .
1342 3722 1349 3735 .
1383 3723 1390 3736 .
1439 3677 1476 3734 10

343 3784 378 3825 m
441 3859 552 3920 Ammo
583 3849 766 3926 portibus
795 3849 1014 3924 nonaginta
1029 3891 1390 3907 ..........
1438 3845 1478 3902 90

388 3948 524 4034 Liquori
547 3948 673 4012 filtroto
695 3947 781 4012 edde
804 3949 839 4011 in
863 3948 1024 4031 liquorem
1046 3946 1173 4010 clanim
1202 3945 1386 4010 solutorum

350 4139 357 4150 ι
441 4062 578 4113 ramni
599 4057 771 4132 portium
792 4075 857 4112 sex
904 4097 1390 4113 .............
1459 4051 1477 4108 6

347 4161 382 4201 m
443 4235 552 4295 Aquae
578 4225 1236 4302 partibusnonagintaquattuor.
1265 4265 1272 4280 .
1305 4265 1311 4278 .
1344 4263 1352 4277 .
1385 4263 1391 4277 .
1439 4217 1478 4276 94
