3582 5034
866 532 931 595 349

333 726 457 790 mitrato
479 725 632 811 berytico
652 725 705 789 vel
727 724 851 789 nitrate
873 725 1053 810 argentino,
1078 725 1167 791 clara
1189 726 1258 791 sint
1280 748 1342 811 per
1362 727 1463 792 horae

332 837 461 918 partem
485 854 554 896 non
577 832 687 897 minus
711 853 811 917 quam
833 831 1073 897 duodecimam.

376 939 566 1024 Salicylatia
588 939 766 1003 ammonici
788 938 1057 1024 milligrammata
1078 942 1141 1004 100
1160 939 1196 1003 in
1214 939 1300 1004 acidi
1312 939 1464 1004 sulfurici

331 1046 528 1110 centimetro
552 1046 667 1111 cubico
693 1050 708 1108 1
735 1046 845 1111 soluta
867 1046 956 1110 intra
974 1049 1075 1111 horae
1093 1051 1221 1131 partem
1233 1046 1463 1112 duodecimam

331 1173 373 1216 ne
395 1152 593 1217 colorentur.

562 1683 854 1805 Salicylas
904 1685 1234 1804 Antipyrini.

768 1895 1029 1983 Salipyrinum.

611 2074 826 2162 cnnlnqo.
841 2075 945 2161 qm.
959 2075 1036 2140 on.
1049 2072 1183 2151 coos.

379 2237 460 2301 Leni
482 2237 590 2301 calore
612 2259 678 2300 una
701 2235 844 2321 liquefac

432 2348 618 2413 Antipyrini
642 2348 776 2420 partos
805 2342 1099 2419 quinquaginta
1127 2347 1274 2418 septem
1295 2361 1376 2399 cum

472 2441 634 2500 decimis
663 2448 811 2518 septem
838 2483 1367 2500 ..............
1395 2441 1462 2510 57,7

334 2545 367 2604 et

431 2651 522 2703 Acldi
542 2652 700 2714 nallcylicl
722 2653 857 2722 partes
888 2644 1157 2722 quadraginta
1178 2644 1275 2702 duas
1296 2663 1376 2701 cum

473 2744 634 2803 decimis
655 2744 788 2803 tribus
801 2787 1370 2804 ...............
1397 2742 1465 2812 42,3

379 2860 444 2926 Fac
476 2859 713 2946 refrigescant;
749 2860 797 2924 ita
820 2860 996 2924 coniuncta
1019 2863 1153 2924 contere
1176 2863 1235 2923 aut
1258 2880 1276 2922 e
1300 2858 1464 2922 solutione

333 2967 512 3051 spirituosa
535 2967 811 3052 crystallisentur.

377 3073 542 3138 Lamallae
566 3073 787 3159 crystallinae,
812 3073 933 3137 coloris
956 3077 1109 3156 expertes
1128 3071 1181 3134 vel
1202 3069 1311 3154 pulvis
1325 3069 1464 3156 crystal-

333 3178 429 3259 linus,
461 3181 566 3259 albus,
591 3181 704 3246 odoris
722 3179 794 3244 fere
817 3199 945 3264 expers,
970 3178 1098 3263 saporis
1122 3177 1327 3242 subdulciter
1349 3177 1463 3253 amari,

333 3288 389 3371 qui
424 3287 543 3352 caloris
577 3285 684 3374 gradu
720 3288 778 3351 91⁰
811 3286 854 3350 ad
886 3287 966 3349 92ωιι
993 3284 1146 3370 liquescit
1169 3289 1202 3348 et
1224 3289 1322 3348 aucto
1345 3283 1463 3360 calore,

331 3412 473 3478 vapores
507 3393 664 3458 emittens
699 3392 878 3476 phenolum
913 3391 1121 3456 continentes
1152 3411 1258 3475 nequa
1288 3390 1464 3474 quicquam

330 3499 520 3585 relinquens
533 3501 749 3565 comburitur.
773 3498 935 3584 Salicylas
946 3497 1140 3582 Antipyrini
1152 3497 1187 3560 in
1198 3517 1302 3582 aquae
1314 3495 1465 3581 pertibus

335 3606 398 3671 270
421 3612 456 3671 et
474 3607 510 3671 in
533 3607 670 3692 spiritus
693 3606 845 3692 partibus
868 3607 922 3682 3,4
945 3604 1095 3670 solvitur.
1120 3603 1162 3667 In
1184 3623 1270 3688 aqua
1290 3603 1322 3685 (1
1338 3629 1371 3662 :
1387 3604 1466 3686 200)

333 3712 462 3776 solutus
485 3714 633 3777 chartam
657 3712 913 3798 exploratoriam
937 3711 1120 3776 caeruleam
1141 3709 1253 3774 reddit
1274 3709 1420 3773 rubram.

377 3819 419 3884 In
437 3841 523 3905 aqua
534 3821 696 3903 (1:200)
716 3819 816 3884 soluti
828 3818 1023 3884 centimetra
1038 3817 1153 3882 cubica
1162 3821 1191 3894 5,
1205 3814 1328 3880 additis
1340 3815 1465 3879 nitritis

334 3923 434 3990 kalici
457 3925 737 4011 milligrammatis
769 3928 833 3990 100
857 3931 891 3990 et
913 3923 999 3989 acidi
1022 3922 1174 3987 sulfurioi
1196 3921 1295 3986 diluti
1313 3921 1420 4007 guttis
1433 3925 1463 4000 5,

332 4031 511 4097 virescunt.

380 4137 571 4223 Salicylatis
616 4137 811 4221 Antipyrini
855 4137 1135 4224 milligremmctis
1171 4137 1235 4200 500
1270 4155 1344 4199 oum
1379 4133 1466 4196 acidi

334 4243 580 4330 hydrochlorici
620 4244 816 4307 centimetro
849 4244 965 4309 cubico
1003 4249 1020 4308 1
1055 4249 1090 4308 et
1123 4263 1227 4327 aquae
1262 4238 1467 4306 centimetris
