3530 5026
878 522 940 585 146

523 771 837 865 [ricarium
893 770 1168 893 strychni.
1204 773 1289 868 ΕΙ.

386 949 523 1014 Percola

439 1079 720 1142 somensuycnni
739 1075 780 1131 in
800 1075 1002 1152 pulverem
1023 1075 1103 1154 (Bw)
1125 1074 1328 1134 redactum
1353 1084 1391 1135 et
1409 1097 1474 1154 per

479 1171 645 1230 aethera
673 1172 847 1250 petrolei
872 1172 1114 1250 pinguedine
1142 1172 1361 1233 liberatum

341 1310 401 1374 per

440 1419 601 1484 spiritum
620 1418 764 1471 dilutum

343 1573 423 1639 dum
453 1596 501 1652 ea,
529 1595 613 1661 quae
641 1574 683 1638 de
713 1574 852 1660 liquoris
882 1574 1060 1642 defluentis
1090 1578 1197 1664 guttis
1233 1582 1252 1643 2
1284 1579 1473 1665 evaporatie

343 1681 683 1767 supereruntadditia
691 1681 1472 1773 acidinitrieiguttie2‚nonampliuarr1beecaut.

390 1788 417 1853 E
440 1787 618 1874 percolatie
641 1809 722 1874 para
746 1793 932 1856 extractum
956 1791 1089 1856 siccum.

389 1895 490 1960 Modo
523 1893 614 1960 inira
635 1895 793 1974 indicato,
822 1902 983 1982 quantum
1007 1897 1263 1964 alcaloideorum
1287 1904 1472 1966 extractum

342 2001 523 2079 contineat,
549 2007 659 2067 statue
683 2007 726 2080 et,
740 2003 769 2068 si
785 2024 869 2089 opus
880 2004 953 2082 erit,
968 2009 1154 2070 extractum
1165 2005 1313 2091 pulveris
1325 2007 1473 2072 sacchari

342 2107 438 2172 lactis
461 2111 556 2173 tanta
579 2109 768 2192 quantitate
792 2109 902 2189 misce,
923 2116 962 2176 ut
974 2110 1231 2177 alcaloideorum
1243 2112 1350 2179 insint
1359 2118 1472 2199 partes

342 2213 542 2280 centesimae
567 2216 618 2279 16.

389 2320 587 2386 Extractum
610 2320 770 2406 Strychni
792 2323 912 2388 coloris
936 2331 989 2390 eet
1011 2325 1242 2405 flavofueciet,
1258 2327 1374 2393 addita
1388 2349 1473 2413 aqua

343 2429 514 2513 (1:10),
549 2428 712 2514 liquorem
746 2428 884 2513 praebet
918 2430 1098 2510 turbidum,
1123 2433 1243 2498 eoloris
1265 2433 1353 2499 clare
1376 2433 1472 2511 fusci,

343 2535 472 2620 saporis
490 2534 663 2620 peramari,
679 2535 745 2620 qui,
759 2534 874 2600 addito
887 2537 1024 2622 spiritua
1035 2538 1109 2623 pari
1120 2538 1298 2618 volumine,
1311 2539 1473 2604 clarescit.

389 2640 540 2706 Extracti
574 2640 735 2727 Strychni
768 2642 1037 2728 milligrammata
1072 2647 1101 2722 5,
1136 2645 1171 2708 in
1206 2645 1292 2710 acidi
1322 2645 1473 2711 sulfurici

344 2748 443 2813 diluti
477 2748 674 2814 centimetro
709 2748 824 2814 cubico
862 2754 878 2814 l
915 2751 1034 2823 soluta,
1070 2771 1145 2815 cum
1168 2750 1202 2814 in
1226 2751 1346 2816 balneo
1369 2772 1473 2838 aquae

344 2854 509 2931 calefiunt,
534 2853 679 2920 colorem
703 2856 843 2921 trahunt
864 2857 1057 2922 violaceum.

388 2961 655 3027 AJcaloideorum
671 2968 832 3049 quantum
845 2969 1030 3030 extractum
1042 2965 1222 3043 contineat,
1235 2965 1283 3030 ita
1295 2965 1471 3031 statuitur:

345 3068 498 3134 Extracti
521 3068 682 3154 Strychni
700 3071 736 3133 in
759 3070 929 3155 pulverem
950 3071 1076 3137 redacti
1098 3093 1248 3156 gramma
1272 3075 1325 3150 1,2
1337 3073 1471 3137 inmitte

343 3177 378 3240 in
401 3175 617 3242 chloroformi
639 3178 836 3243 centimetra
859 3177 974 3242 cubica
998 3180 1050 3255 60,
1075 3199 1151 3243 cum
1174 3180 1474 3245 ammoniaeceuti·

344 3283 460 3348 metria
485 3286 527 3346 10
546 3286 623 3348 ante
635 3288 866 3370 conquassata.
880 3284 1086 3370 Frequenter
1097 3290 1131 3350 et
1142 3283 1278 3351 fortiter
1288 3307 1475 3373 conquaeea

345 3396 379 3456 et
401 3394 478 3474 poet
501 3391 602 3457 horas
626 3393 655 3470 3,
680 3413 759 3457 cura
779 3391 893 3456 habite
912 3396 1068 3478 utquam
1081 3391 1254 3457 minimum
1265 3399 1473 3479 evaporetur‚

343 3518 403 3582 per
431 3496 558 3563 filtrum
587 3499 709 3564 siccum
739 3498 837 3563 filtra.
862 3498 912 3562 De
935 3498 1136 3564 tiltratorum
1158 3500 1362 3566 centimetrie
1384 3500 1475 3565 cubi·

268 3669 270 3674 ,
344 3603 392 3667 eie
428 3606 470 3668 50
504 3607 557 3688 (:
573 3605 716 3670 extracti
749 3610 933 3690 grammate
970 3607 1003 3690 1)
1036 3605 1297 3672 chloroformum
1327 3607 1474 3672 destilla-

345 3709 437 3774 tione
470 3732 604 3776 remove
638 3716 673 3776 et
704 3711 756 3788 iis,
791 3733 875 3798 quae
905 3719 1113 3798 supererunt,
1144 3715 1179 3777 in
1211 3713 1349 3800 spiritus
1371 3713 1474 3779 centi-

344 3816 459 3882 metrie
493 3817 617 3883 cubicis
651 3820 672 3882 3
706 3817 825 3883 solutis
854 3818 940 3884 acidi
967 3819 1214 3903 hydrochlorici
1243 3818 1474 3885 decinormulis

343 3921 429 3987 adde
460 3924 657 3988 centimetra
686 3922 801 3988 cubica
826 3926 877 3990 10.
902 3922 1111 3990 Solutionem
1132 3925 1387 3993 alcaloideorum
1410 3925 1475 3991 aci-

345 4027 422 4093 dam
456 4029 545 4093 filtra
575 4051 634 4116 per
664 4029 798 4106 filtrum,
823 4051 909 4115 aqua
930 4030 1164 4112 madefactum,
1189 4039 1224 4099 et
1245 4054 1349 4119 aquae
1371 4053 1474 4119 quan-

345 4135 500 4201 titatibus
541 4136 654 4221 parvis
688 4135 770 4214 elue,
807 4135 886 4200 dum
920 4137 1029 4223 liquor
1062 4137 1211 4204 defluens
1246 4139 1396 4205 neutrius
1430 4138 1476 4202 eit

344 4242 522 4308 reactionie
545 4249 579 4309 et
601 4243 856 4308 alcaloideorum
881 4266 1007 4330 expers.
1032 4245 1074 4308 In
1095 4245 1231 4310 filtratie
1253 4246 1383 4310 acidum
1406 4265 1474 4307 non
