3582 5034
874 476 938 538 290

320 668 624 790 ÷⁰xydum
660 669 987 789 plumbicum
1023 671 1419 766 senivitreun.

764 829 1034 912 Lithargyruin.

853 954 943 1018 PbO.

387 1079 499 1143 Pulvis
514 1079 636 1164 gravis,
649 1100 691 1142 ex
702 1077 895 1143 aurantiaco
903 1080 1004 1144 ruber
1015 1079 1069 1143 vel
1081 1101 1238 1164 squamae
1250 1081 1468 1158 flavorubrae,

337 1185 472 1263 nitidae,
484 1185 606 1250 coloris
619 1189 652 1249 et
664 1185 792 1269 saporis
805 1190 967 1270 expertes.
985 1185 1142 1271 Oxydum
1155 1187 1357 1272 plumbicum
1374 1189 1470 1252 semi-

339 1293 482 1357 vitrcum
501 1293 536 1355 in
555 1312 641 1376 aqua
655 1290 726 1355 fere
738 1313 806 1355 non
819 1292 969 1368 solvitur,
979 1292 1038 1357 sed
1049 1293 1200 1358 chartam
1212 1294 1470 1380 exploratoriam

339 1399 484 1477 rubram,
494 1397 716 1463 madefactam
726 1398 836 1462 colore
845 1399 1058 1464 snbcaeruleo
1067 1400 1180 1465 inficit.
1195 1401 1353 1486 Oxydum
1362 1400 1468 1486 plum-

338 1507 448 1572 bicum
457 1506 683 1570 semivitreum
692 1503 888 1570 calefactum
897 1505 1040 1570 colorem
1048 1506 1152 1571 trahit
1163 1505 1405 1585 fuscorubrum,
1413 1507 1470 1592 qui

340 1613 451 1698 oxydo
462 1610 699 1696 rehigescente
712 1611 746 1674 in
758 1610 882 1675 flavum
894 1613 1016 1677 transit
1023 1634 1030 1690 ;
1051 1633 1173 1700 magno
1186 1613 1294 1678 calore
1306 1613 1468 1698 liquescit.

385 1718 542 1804 Oxydum
566 1717 769 1803 plumbicum
793 1719 1019 1784 semivitreum
1043 1721 1077 1783 in
1101 1720 1196 1786 acido
1218 1721 1339 1785 nitrico
1351 1721 1468 1800 diluta,

340 1847 480 1910 vapores
503 1825 650 1889 nitrosos
679 1825 866 1911 (plumbum
888 1826 1101 1908 metallicam)
1118 1849 1187 1891 non
1210 1827 1375 1905 emittens,
1399 1827 1470 1891 fere

340 1954 408 1997 non
431 1933 647 1998 effervescens
670 1932 812 1997 solvitur
831 1937 890 1996 aut
905 1937 1014 1997 totum
1026 1939 1086 1997 aut
1096 1933 1267 2018 paululum
1278 1933 1469 2018 relinquens

340 2040 497 2104 materiae
519 2040 642 2117 fuscae,
666 2061 759 2124 quae,
780 2039 895 2104 addito
916 2039 1010 2104 acido
1023 2038 1160 2116 oxalico,
1174 2038 1287 2103 statim
1300 2039 1469 2103 evanescit

341 2147 564 2232 (perocydum
582 2147 811 2232 plumbicum).

384 2252 438 2316 Ita
461 2252 616 2331 solutum,
641 2252 765 2317 additis
788 2253 927 2317 aestatis
950 2251 1069 2316 natrici
1092 2251 1280 2336 quantitate
1297 2251 1469 2316 excedenti

340 2363 373 2421 et
396 2357 602 2424 bichromete
624 2359 742 2436 kalico,
768 2359 1021 2445 praecipitatum
1033 2357 1158 2422 flavum
1171 2357 1317 2443 deponit,
1331 2356 1421 2442 quod
1433 2358 1466 2420 in

339 2464 504 2529 solutione
527 2465 680 2550 hydratis
703 2466 822 2532 nutrici
845 2465 943 2531 facile
967 2465 1124 2542 solvitur3
1148 2465 1264 2529 addito
1287 2463 1382 2529 acido
1402 2463 1467 2528 sul-

340 2570 458 2648 furico,
487 2572 743 2658 praecipitatum
771 2572 908 2658 deponit
932 2571 1054 2650 album,
1079 2573 1167 2656 quod
1189 2571 1225 2635 in
1248 2575 1378 2635 acetate
1400 2593 1467 2635 am-

340 2679 471 2742 monico
494 2676 591 2743 facile
614 2679 766 2744 solvitur.

383 2784 497 2870 Oxydi
519 2785 679 2869 plumbici
697 2786 878 2850 semivitrei
898 2789 1083 2870 grammate
1108 2788 1125 2846 1
1150 2806 1224 2849 cum
1244 2784 1330 2850 acidi
1351 2783 1466 2849 acetici

338 2890 436 2955 diluti
448 2891 652 2956 centimetris
664 2892 788 2959 cubicis
798 2895 839 2957 25
847 2895 1015 2968 concocto‚
1025 2911 1111 2976 pars,
1121 2911 1205 2976 quae
1217 2891 1301 2955 solvi
1313 2895 1465 2975 nequeat,

337 3017 379 3058 ne
403 2997 447 3061 sit
470 2996 544 3082 plus
567 3018 667 3083 quam
687 2999 995 3084 milligrammatum
1017 3001 1068 3061 15.
1094 2997 1186 3062 Haec
1210 2997 1329 3074 soluta,
1350 2996 1466 3061 addito

338 3102 573 3188 ferrocyaneto
607 3104 727 3183 nauco,
762 3105 1019 3190 praecipitatum
1053 3125 1134 3190 pure
1165 3103 1277 3167 album
1311 3103 1464 3186 (fernum,

338 3211 491 3295 caprum)
521 3210 703 3296 deponunt.
732 3211 882 3291 Quorum
906 3213 1090 3277 solutorum
1113 3210 1318 3277 centimetris
1342 3209 1466 3275 cubicis

341 3320 381 3380 15
394 3316 423 3380 si
441 3316 572 3380 acidum
580 3317 869 3400 hydrochloricum
882 3318 1034 3382 additum
1046 3319 1110 3384 erit
1121 3317 1200 3381 dum
1212 3315 1466 3402 praecipitatum

338 3443 406 3486 non
429 3422 571 3506 amplius
595 3424 747 3504 exsistet,
771 3447 789 3489 e
812 3425 939 3510 liquore
964 3425 1091 3489 filtrato
1113 3423 1249 3510 plumbo
1272 3423 1388 3488 relicto
1407 3444 1466 3507 per

338 3528 469 3592 acidum
503 3529 811 3614 hydrosulfuricum
845 3535 984 3608 remote,
1020 3532 1048 3596 si
1073 3532 1183 3596 denuo
1202 3530 1366 3594 filtratum
1390 3530 1463 3606 erit,

336 3635 471 3712 filtrata‚
496 3634 611 3700 addita
633 3639 809 3714 ammonia,
833 3637 977 3722 speciem
996 3660 1038 3702 ne
1057 3643 1187 3704 mutent
1210 3658 1303 3713 neve,
1316 3637 1367 3714 iis,
1382 3658 1465 3722 quae

337 3742 377 3806 de
400 3743 590 3828 evaporatia
614 3749 822 3828 supererunt,
847 3742 1061 3822 candefactis,
1075 3744 1462 3830 quicquamrelinquant,

338 3848 424 3933 quod
448 3850 626 3933 ponderari
651 3856 762 3934 queat.

381 3953 538 4040 Oxydum
569 3954 773 4040 plumbicum
804 3957 1030 4022 semivitreum
1053 3956 1284 4024 candefactum
1307 3956 1464 4042 ponderis

336 4082 377 4124 ne
399 4060 474 4145 plus
498 4061 631 4125 amittat
654 4083 753 4147 quam
776 4069 904 4148 partem
928 4066 1142 4130 centesimam
1168 4069 1229 4142 1,5.

801 4235 1004 4251 --ῌ-ι
