3584 5026
858 441 922 502 218

369 633 649 721 Hydroohloratis
662 633 863 718 Pilooarpini
878 635 1059 700 etehloreti
1068 635 1309 723 hydrargyrosi
1318 639 1457 703 totidem

324 744 437 827 partes
460 741 594 818 mixtae,
614 741 743 819 addita
765 763 870 827 aquae
889 742 943 806 vel
954 742 1091 808 minima
1102 745 1301 828 quantitate,
1314 745 1458 812 colorem

323 848 461 934 enigro
484 848 631 934 griseum
654 849 804 915 trahunt.

368 956 620 1041 Hydroohloras
645 956 845 1042 Pilooarpini
866 957 902 1020 in
925 977 1012 1041 aqua
1033 960 1067 1040 (1
1086 983 1120 1018 =
1139 959 1196 1040 10)
1218 958 1349 1024 solutus
1364 959 1457 1024 ohar-

323 1067 391 1128 tam
425 1064 685 1148 exploratoriam
720 1063 904 1128 caeruleam
939 1063 1138 1128 subrubram
1176 1063 1302 1142 reddit3
1341 1064 1456 1130 addito

321 1170 447 1235 nitrate
479 1171 662 1256 argentino,
698 1171 954 1256 praecipitatum
989 1171 1101 1244 album
1134 1169 1281 1256 deponit,
1310 1171 1399 1256 quod
1420 1171 1456 1236 in

321 1279 488 1343 ammonia
517 1277 614 1343 facile
646 1279 805 1356 solvitnr3
831 1277 947 1343 addita
969 1277 1135 1342 solutione
1158 1277 1312 1363 hydratis
1335 1279 1455 1344 natrioi

322 1385 419 1450 valde
459 1385 624 1462 turbatur,
667 1389 783 1472 guttas
807 1385 936 1450 oleosas
959 1405 1143 1462 secernens,
1171 1405 1256 1469 quae
1279 1390 1456 1469 quassatae

322 1497 535 1558 evanescunt.

366 1599 619 1685 Hydroohloras
643 1599 843 1685 Pilooarpini
854 1600 890 1664 in
902 1619 990 1684 aqua
1001 1602 1035 1683 (1
1050 1623 1084 1658 =
1098 1599 1177 1682 100)
1189 1598 1328 1675 solutus,
1341 1597 1456 1663 addito

321 1706 470 1773 chloreto
493 1707 746 1792 hydrargyrioo,
760 1707 1016 1792 praecipitatum
1028 1705 1150 1782 album,
1164 1705 1278 1770 addita
1290 1704 1456 1770 solutione

320 1813 410 1891 iodii,
434 1814 582 1891 rubrum,
606 1813 695 1899 quod
719 1835 797 1878 mox
819 1813 951 1878 fuscum
974 1812 1021 1890 fit,
1046 1811 1161 1877 addita
1188 1832 1274 1896 aqua
1293 1810 1454 1889 bromata,

320 1919 445 1985 fiavrrm
466 1919 614 2006 deponit.

367 2026 647 2112 Hydroohloratis
683 2027 881 2112 Piloearpini
917 2025 1187 2112 milligrammata
1222 2026 1264 2088 10
1296 2025 1332 2089 in
1368 2024 1454 2091 acidi

320 2132 471 2199 sulfiuici
494 2135 602 2218 guttis
627 2137 656 2212 5,
686 2134 817 2200 acidum
841 2133 1132 2220 hydroehlorioum
1151 2131 1348 2211 amittentia,
1362 2133 1453 2197 nullo

321 2241 430 2306 colore
453 2241 637 2306 solvantur.

366 2349 444 2413 Per
466 2348 627 2414 calcem
650 2349 791 2412 vivam
814 2346 1067 2414 servandus.

318 2457 431 2516 Doses
453 2457 632 2516 martinae
653 2456 814 2532 singulae
836 2455 1170 2532 milligrsmmatum
1191 2454 1240 2515 20.

318 2554 432 2614 Doses
460 2554 641 2615 maximae
666 2554 703 2614 tn
728 2554 835 2615 horas
859 2555 1003 2614 vicenas
1029 2555 1217 2629 quaternas
1242 2551 1454 2628 milltgrarn-

359 2655 496 2713 matum
518 2652 566 2715 to.

787 2819 990 2830 ..ψη-ι..-

546 2917 940 3037 Hypoptosptis
974 2916 1231 3010 eateieus.

776 3074 1003 3162 oanpou.

371 3218 485 3283 Pulvis
524 3218 628 3297 albus,
665 3218 889 3304 crystallinus,
925 3240 993 3283 non
1028 3215 1298 3303 hygroseopieus.
1336 3215 1453 3300 Hypo·

319 3324 481 3410 phosphis
502 3325 643 3392 ealcicus
662 3326 697 3389 in
720 3347 825 3412 aquae
836 3325 989 3412 partibus
1002 3328 1021 3391 6
1034 3324 1076 3388 ad
1090 3325 1107 3390 7
1122 3323 1273 3400 solvitur,
1286 3323 1320 3386 in
1333 3321 1452 3407 spiritu

319 3431 390 3497 fere
413 3455 480 3497 non
503 3431 654 3497 solvitur.

365 3539 629 3626 Hypophosphis
652 3539 792 3606 ealcious
815 3539 1005 3616 calefactus,
1031 3539 1188 3604 emittens
1209 3534 1452 3622 hydrogenium

320 3646 584 3731 phosphoratum
607 3668 683 3711 aere
706 3647 933 3725 exardescens,
959 3645 1166 3711 dissolvitur.

365 3753 630 3839 Hypophosphis
652 3753 794 3820 ealcious
816 3754 850 3818 in
870 3775 956 3839 aqua
974 3755 1115 3837 (1:20)
1134 3747 1452 3816 solutusreaotionis

318 3859 469 3924 neutrius
492 3860 545 3924 vel
568 3860 687 3926 leviter
710 3861 868 3927 alcalinae
891 3865 960 3938 est;
984 3859 1099 3925 addito
1123 3858 1247 3923 nitrate
1270 3855 1449 3944 argentim,

318 3965 572 4051 praecipitatum
595 3967 708 4034 album
731 3967 878 4053 deponit,
902 3967 992 4053 quod
1015 3987 1094 4031 mox
1117 3965 1249 4031 timeum
1268 3965 1316 4042 fit,
1330 3961 1448 4028 deinde

317 4072 494 4158 nigrescit3
526 4074 641 4141 addito
661 4075 794 4141 oxalate
815 4075 1010 4152 ammonitu
1035 4073 1174 4160 deponit
1197 4071 1450 4159 praecipitatum

318 4179 439 4258 album,
465 4181 555 4266 quod
579 4181 614 4244 in
637 4181 732 4248 aoido
756 4182 880 4248 scateo
905 4203 973 4247 non
996 4181 1148 4246 solvitur.
