3544 5050
881 516 947 577 414

596 707 646 803 -Ι-
679 707 857 804 cunas
890 709 1142 805 terrosus.

787 905 1041 991 necopino

388 1065 502 1130 Pulvis
525 1087 542 1130 e
566 1065 781 1131 subcaeruleo
805 1065 931 1143 viridis,
956 1066 1180 1152 crystallinus,
1205 1089 1280 1132 aare
1302 1067 1475 1134 fatiscens.

344 1172 457 1238 Sulfas
479 1171 628 1238 ferrosus
651 1173 686 1236 in
709 1194 814 1260 aquae
837 1177 933 1258 parte
958 1177 1009 1252 l‚5
1033 1173 1184 1250 solvitur,
1209 1175 1243 1238 in
1268 1175 1388 1260 spiritu
1408 1197 1476 1240 non

342 1281 494 1346 solvitur.

387 1385 501 1452 Sulfas
534 1387 683 1452 ferrosus
712 1388 747 1452 in
771 1408 857 1473 aque
879 1390 913 1469 (l
929 1413 962 1447 =
979 1389 1056 1468 100)
1078 1387 1217 1466 solutus,
1241 1388 1356 1454 addito
1379 1389 1476 1454 femi-

341 1500 484 1580 cyaneto
506 1495 617 1560 kalico
639 1495 893 1581 praecipitatum
905 1494 1100 1570 caeruleum,
1114 1494 1366 1561 additonitrate
1378 1496 1476 1582 bary·

341 1602 408 1667 tico
432 1601 544 1666 album
566 1602 712 1687 deponit,
736 1600 979 1686 quodinacido
990 1601 1112 1666 uitrico
1124 1601 1231 1666 diluto
1242 1624 1310 1667 uon
1322 1604 1473 1669 solvitur.

343 1709 405 1773 Per
435 1709 566 1774 acidum
588 1709 750 1775 aceticum
771 1708 885 1772 acidus
908 1707 1019 1774 factus
1041 1708 1158 1775 addito
1179 1709 1274 1775 acido
1297 1711 1475 1798 hydrosul-

342 1815 449 1880 turico
471 1837 513 1880 ne
536 1815 702 1881 coloretur
724 1835 808 1878 neve
831 1815 985 1881 turbetur
1007 1815 1073 1880 nisi
1094 1815 1272 1881 levissime.

385 1921 526 1988 Sulfatis
558 1920 680 1986 terrosi
712 1926 934 2006 grammatum
970 1925 989 1986 2
1024 1943 1099 1988 cum
1132 1923 1219 1988 acidi
1241 1922 1353 1989 uitrici
1375 1925 1474 1990 diluti
1511 1998 1515 2006 ¹

339 2029 544 2094 centimetris
573 2028 698 2094 cubicis
721 2030 742 2092 3
764 2033 998 2093 concoctomm
1021 2034 1055 2094 et
1077 2031 1263 2095 ammoniae
1285 2032 1472 2116 quantitate

339 2136 511 2201 excedenti
534 2136 714 2199 mixtorum
737 2135 867 2200 filtmta
887 2135 1008 2200 coloris
1030 2137 1180 2222 expertia
1203 2138 1289 2216 sint3
1312 2138 1364 2216 iis,
1387 2159 1471 2224 quae

338 2243 379 2307 de
402 2242 540 2307 filtratis
562 2242 752 2326 evaporatis
774 2241 891 2306 relicta
913 2247 1021 2320 erunt,
1044 2242 1258 2321 candefactis,
1278 2265 1470 2329 quaesupe·

338 2354 464 2427 rerunt,
488 2349 665 2433 ponderari
688 2355 864 2433 nequeant.

382 2455 496 2521 Sulfas
518 2454 667 2520 ferrosus
687 2455 721 2518 iu
739 2476 825 2540 aqua
841 2457 978 2538 (1:20)
989 2456 1128 2533 solutus,
1142 2456 1258 2521 addito
1270 2457 1470 2543 dimethyla·

337 2562 637 2638 midoazobenz010,
661 2583 703 2625 ne
726 2561 890 2626 rubescat.

382 2669 523 2734 Suliatis
554 2668 675 2732 ferrosi
696 2668 966 2753 millig'rammata
992 2672 1055 2733 100
1076 2669 1112 2732 in
1135 2691 1240 2755 aquae
1264 2671 1469 2737 centimetris

336 2776 460 2841 cubicis
495 2775 537 2840 75
572 2781 606 2839 et
636 2775 722 2839 acidi
752 2774 904 2839 suiiurici
926 2775 1025 2840 diluti
1048 2775 1253 2842 centimetris
1276 2776 1401 2842 cubicis
1426 2781 1467 2842 10

336 2883 454 2956 soluta,
489 2887 528 2946 ut
561 2882 748 2960 rubescent,
784 2883 1055 2967 permanganatis
1087 2882 1186 2948 kalici
1218 2883 1466 2950 centinormalis

335 2988 529 3052 centimetra
552 2987 667 3052 cubica
690 2990 766 3066 35,4
789 2989 831 3053 ad
855 2989 1134 3074 andrequiam.

800 3322 1002 3332 ----—-—

496 3609 673 3706 Satias
706 3611 946 3706 tartesus
981 3612 1298 3705 exsiccatus.

378 3809 491 3874 Pulvis
521 3809 617 3875 albus
640 3809 693 3872 vel
716 3829 733 3871 e
757 3807 930 3892 subgriseo
950 3807 1056 3884 albus,
1081 3813 1217 3893 paratus
1242 3807 1372 3873 Sulfate
1395 3807 1462 3874 ier-

329 3935 407 3979 roso
439 3916 529 3980 lente
560 3914 756 3979 exsiccando
779 3913 858 3976 dum
882 3914 1038 3998 ponderis
1062 3919 1174 3999 partes
1197 3914 1394 3979 centesimas
1417 3915 1460 3978 35

330 4022 488 4087 amiserit.

375 4128 487 4193 Sulfas
498 4127 646 4192 ferrosus
659 4127 843 4191 exsiccatus
855 4127 890 4191 in
902 4149 987 4214 aqua
998 4128 1087 4194 lente
1099 4127 1241 4192 solvitur
1252 4127 1287 4190 in
1295 4126 1457 4212 liquorem

330 4232 447 4297 leviter
471 4234 721 4318 opulescentem.
