3582 5034
863 496 926 558 301

377 689 577 774 Phosphaois
622 689 741 755 nahrioi
786 711 936 775 gramma
973 693 1001 768 1,
1036 689 1160 754 additis
1194 689 1281 755 aoidi
1314 691 1464 756 tmharioi

331 801 515 882 grammate
541 797 557 859 1
582 801 616 860 ah
638 817 742 881 aquas
761 789 967 862 centimetris
990 797 1114 863 oubiois
1137 799 1200 876 1ομ
1214 797 1377 883 liquorom
1400 797 1465 863 ola—

330 924 405 966 rum
429 904 595 988 praebeat.

377 1009 549 1095 Phosphas
571 1009 719 1076 nabibus
743 1010 777 1073 in
800 1031 886 1096 aqua
908 1014 942 1094 (1
961 1037 995 1070 =
1013 1012 1070 1094 20)
1088 1011 1228 1089 solutus,
1241 1010 1357 1076 addito
1369 1011 1465 1076 auido

331 1116 461 1194 nibrioo,
485 1139 526 1181 ne
550 1117 752 1183 effervescat.
777 1117 895 1182 Soluta
918 1117 966 1182 ihu
984 1117 1079 1183 aoida
1102 1117 1201 1196 lacha,
1214 1117 1329 1184 addito
1341 1118 1466 1182 uibrata

330 1224 500 1308 orgenhioo
522 1225 577 1288 vel
599 1225 723 1290 nitrohs
745 1224 906 1310 barytioo,
931 1247 990 1310 por
1013 1225 1114 1289 horas
1126 1229 1254 1310 pariam
1274 1247 1343 1289 non
1355 1225 1465 1290 miuus

331 1351 429 1414 quam
460 1331 650 1396 vicesimam
681 1331 768 1396 clara
798 1331 883 1410 sinh3
908 1353 967 1417 per
978 1331 1179 1396 ammoniam
1203 1331 1343 1396 aloalina
1365 1331 1465 1410 facto,

331 1459 372 1501 ne
396 1437 628 1524 sulfohydra'ta
649 1438 836 1504 ammonioo
859 1438 992 1524 quidem
1015 1437 1141 1516 addito,
1161 1438 1304 1524 speeiem
1324 1443 1464 1503 mutent.

376 1545 445 1609 Gaz
477 1545 587 1609 oriens
611 1567 628 1610 a
651 1545 737 1610 zinci
758 1545 869 1610 frusto
891 1550 1049 1631 rsagsnle
1072 1546 1107 1609 in
1131 1546 1240 1610 soluto
1264 1546 1465 1631 Phosphatis

331 1651 449 1716 nahrioi
483 1655 669 1738 grammata
706 1654 725 1715 2
760 1653 795 1716 in
828 1652 915 1718 acidi
948 1651 1100 1718 sulfurioi
1131 1651 1229 1718 diluti
1259 1653 1464 1719 osntimshris

331 1758 454 1824 cubicis
492 1761 533 1823 10
556 1760 705 1824 chariam
733 1758 890 1836 bibulam,
914 1759 1063 1825 ohlorato
1087 1759 1329 1846 hydrargyrioo
1352 1760 1464 1824 mado-

332 1863 466 1946 footam,
489 1864 611 1929 flavam
634 1887 676 1930 ne
699 1864 818 1930 raddai
841 1866 931 1931 iutra
955 1867 1056 1932 horae
1080 1871 1210 1953 parbem
1233 1873 1396 1952 quartam.

628 2245 679 2344 ÷
713 2249 1083 2368 Phosphorus.

877 2427 912 2491 P.

377 2569 501 2635 Baoilla
523 2569 645 2656 pallido
666 2569 762 2647 flava,
783 2569 899 2648 nitida,
920 2570 995 2655 plus
1013 2569 1165 2633 minusve
1184 2568 1361 2655 perlucida,
1381 2590 1462 2654 quo·

332 2697 405 2740 rum
428 2675 617 2763 superficias
639 2677 833 2762 plerumque
855 2680 961 2741 strato
984 2676 1069 2753 albo,
1090 2698 1158 2740 non
1177 2675 1385 2741 nihidohacho
1400 2680 1460 2740 ast.

376 2782 599 2868 Phosphorus,
635 2783 704 2848 aeri
737 2784 918 2869 expositus,
954 2783 989 2847 in
1023 2782 1170 2848 tenebris
1202 2783 1300 2862 lucet,
1324 2783 1463 2850 nebulas

332 2889 487 2955 amittens
508 2890 610 2968 albas,
646 2890 758 2955 odoris
780 2891 927 2977 proprii3
951 2892 1014 2956 sub
1036 2912 1121 2976 aqua
1141 2889 1321 2955 calefactus
1344 2889 1463 2955 caloris

332 2995 437 3081 gradu
448 2997 679 3082 44⁰1iquescit,
704 2997 1007 3074 facileexordasoih,
1031 2998 1170 3063 nebulas
1182 3019 1342 3084 spargens
1358 2997 1460 3074 albas,

331 3103 508 3168 rosolionis
530 3103 653 3169 auidae.

377 3209 591 3295 Phosphorus
614 3211 649 3274 in
671 3233 757 3295 aqua
779 3209 850 3275 fars
872 3234 940 3276 non
964 3212 1114 3289 solvitur,
1140 3232 1257 3296 porum
1276 3211 1312 3274 in
1330 3209 1460 3296 spiritu,

333 3315 432 3398 paulo
465 3316 572 3401 magis
607 3317 643 3380 in
678 3318 820 3394 aethera,
855 3317 954 3382 faoils
988 3319 1023 3382 in
1053 3318 1173 3383 sulfido
1203 3317 1395 3395 oarbouico;
1427 3317 1463 3380 in

333 3424 413 3488 oleis
432 3447 562 3510 quoque
582 3426 762 3512 pinguibus
781 3432 815 3490 eh
832 3425 1035 3502 volatilibus,
1048 3424 1243 3510 praesertim
1255 3423 1460 3501 walachum,

333 3531 483 3598 solvitur.

378 3637 656 3724 Phosphorus
677 3639 773 3704 loco
796 3637 974 3724 frigido,
999 3661 1019 3703 a
1040 3637 1135 3702 luoa
1157 3641 1360 3713 romolus,
1385 3635 1462 3700 sub

334 3763 439 3827 aqua
458 3751 661 3810 servetur
679 3745 722 3808 in
740 3745 1015 3832 lagena,tubo
1033 3765 1165 3808 aeneo
1185 3741 1461 3809 oiroumdala.

450 3871 563 3930 Doses
585 3871 763 3930 maximas
784 3871 943 3946 singulas
965 3867 1297 3945 milligrammatum
1319 3868 1346 3929 l.

450 3969 563 4028 Doses
585 3969 764 4027 maximae
785 3968 823 4027 ln
844 3968 951 4027 horas
973 3967 1116 4026 vicenas
1137 3969 1327 4039 quaternas

491 4066 823 4144 mllllgrammatum
843 4065 871 4126 a
