3582 5034
894 526 958 589 332

404 721 525 786 Frusta
554 719 649 785 fusca
673 719 821 784 fractura
854 720 971 798 nitida,
1007 741 1149 805 querum
1190 725 1341 785 ramenta
1375 720 1488 784 tenuia

357 827 503 892 dilucida
525 832 604 892 sunt
625 832 661 892 et
683 826 780 892 facile
802 827 838 890 iu
861 826 1032 912 pulverem
1055 827 1164 912 redigi
1186 832 1336 911 possunt.
1368 825 1489 890 Resina

358 935 491 1020 Ialapae
514 935 549 998 in
571 956 657 1019 aqua
679 956 747 998 neu
770 935 922 1012 solvitur,
947 935 982 998 in
1006 935 1127 1020 spiritu
1138 933 1289 1000 solvitur.

402 1040 543 1105 Resinac
565 1040 697 1126 Ialapae
727 1040 998 1126 milligrammata
1022 1043 1086 1104 500
1109 1041 1144 1103 in
1168 1041 1286 1105 balneo
1304 1061 1409 1126 aquas
1423 1061 1490 1103 uua

357 1169 432 1212 eum
443 1147 629 1212 ammoniae
642 1148 847 1212 centimetris
858 1148 983 1212 cubicis
997 1146 1193 1224 bealefacta,
1203 1168 1279 1211 cum
1287 1146 1488 1223 refrixerint,

358 1259 470 1340 partes
504 1254 627 1319 solidas
658 1275 700 1318 ne
731 1260 906 1319 secernant
935 1275 1020 1318 neve
1044 1254 1080 1317 in
1103 1274 1246 1318 massam
1270 1253 1489 1339 gelatinosam

358 1362 491 1426 abeant.

403 1470 440 1534 Si
462 1467 678 1534 chloroformi
697 1469 893 1533 centimetra
915 1468 1032 1533 cubica
1053 1471 1193 1560 100οω
1206 1469 1346 1533 Resinae
1358 1467 1490 1552 Ialapaa

358 1580 543 1660 grammate
580 1579 596 1638 l
637 1596 696 1659 per
730 1575 828 1639 horas
852 1575 871 1639 6
896 1574 1091 1659 frequenter
1112 1580 1342 1661 conquassata,
1366 1573 1490 1638 filtrata

357 1688 464 1760 arunt,
500 1703 625 1760 eorum,
656 1703 740 1766 quae
770 1682 811 1746 de
841 1681 1041 1747 filtratorum
1075 1682 1281 1747 centimetris
1315 1681 1438 1747 cubicis
1470 1683 1489 1744 5

357 1790 548 1874 evaporatis
581 1788 698 1853 relicta
732 1793 839 1866 erunt,
872 1789 1003 1874 pondus
1034 1811 1076 1853 ne
1107 1789 1152 1853 sit
1174 1789 1250 1874 plus
1273 1809 1371 1874 quam
1396 1787 1490 1850 milli·

358 1901 582 1980 grammatum
607 1896 658 1961 75.

404 2003 526 2067 Resina
555 2002 688 2088 Ialapae
724 2003 897 2068 combusta
931 2003 1053 2068 cineris
1087 2023 1129 2066 ne
1161 2001 1236 2087 plus
1260 2023 1359 2086 quam
1383 2000 1489 2085 partis

359 2110 558 2174 centesimae
582 2109 728 2174 decimas
752 2115 819 2175 tres
842 2112 926 2194 (0‚3)
949 2109 1125 2193 relinquat.

826 2365 1028 2376 ——n-n-—u—

553 2568 602 2665 -Ι-
639 2570 841 2664 Recine
875 2569 1213 2690 Palaetylli.

771 2747 1090 2833 Pouopnyunnm.

407 2891 542 2956 Perecla
565 2891 803 2977 perspiritum
1332 2959 1333 2962 ,

459 3003 661 3056 Rhizematla
697 3005 887 3068 Podophylli
917 2999 956 3055 in
988 2998 1188 3074 pulverem
1220 2997 1299 3073 (Bm)
1338 2995 1494 3055 redacti

500 3108 635 3173 partes
668 3103 823 3154 centum
868 3139 1398 3154 ..............
1438 3093 1494 3152 100

361 3193 440 3257 dum
461 3193 601 3280 liquoris
624 3193 802 3259 defluentis
824 3199 940 3279 guttae
962 3198 990 3272 5,
1014 3193 1138 3259 additis
1162 3214 1266 3278 aquae
1286 3191 1491 3257 centimetris

361 3300 485 3365 cubicis
510 3303 538 3377 2,
563 3301 669 3365 mixta
692 3302 873 3386 praebeant
896 3301 992 3365 clara.

404 3407 532 3492 Spiritu
543 3406 767 3472 destillatione
779 3414 917 3486 remote,
931 3429 977 3484 aa,
990 3427 1075 3490 quae
1083 3411 1290 3492 supererunt,
1300 3403 1493 3490 evaporaad

459 3521 594 3591 partes
616 3516 910 3592 quinquaginta
912 3557 1398 3572 .............
1457 3512 1495 3568 50
1615 3577 1620 3586 ¹

406 3613 505 3678 Hunc
538 3613 701 3700 liquorem
735 3612 970 3698 refrigeratum
1003 3612 1136 3698 agitans
1171 3612 1260 3676 lente
1294 3609 1427 3675 effunde
1458 3609 1493 3672 iu

361 3720 493 3798 mixtas,
517 3721 732 3806 refrigeratas
750 3721 793 3785 ad
804 3721 923 3786 caloris
935 3720 1076 3806 gradum
1088 3741 1156 3784 non
1168 3717 1492 3804 minusquam10⁰²¹‚

459 3835 569 3896 Aquae
597 3834 732 3904 partes
760 3825 954 3885 ducentas
989 3870 1399 3886 ...........
1438 3823 1495 3881 200
1609 3821 1613 3832 “

362 3931 396 3991 et

459 4037 551 4105 ΔοίᾱίΙ
578 4037 815 4102 hydroehlorlel
842 4039 977 4108 partes
1004 4025 1197 4109 quattuer
1231 4072 1399 4089 .....
1476 4027 1494 4084 4

404 4147 619 4232 Aliquamdiu
649 4171 781 4234 sepone,
813 4149 1067 4235 praecipitatum
1090 4150 1125 4212 iu
1148 4168 1294 4233 pannum
1318 4143 1493 4209 collectum

360 4275 445 4339 aqua
479 4254 576 4321 ablue
610 4255 689 4320 dum
723 4257 832 4342 liquor
854 4257 1004 4322 defluens
1026 4255 1204 4320 reactionis
1226 4253 1339 4318 acidae
1362 4255 1494 4314 tantum
