3584 5026
882 511 947 572 244

393 703 629 772 Obloroformo
660 703 938 790 superimpositus
961 703 1118 768 Moschus
1140 708 1252 781 natet;
1276 725 1380 789 parva
1402 726 1479 791 pars

347 818 407 878 aut
428 812 519 877 nulla
542 813 785 897 submergatur.
810 811 861 875 De
884 809 1109 876 chloroformo
1132 817 1312 896 evaporato
1335 813 1481 897 supersit

347 918 432 982 nihil
453 919 520 982 nisi
541 919 783 1005 aliquantulum
806 918 914 1003 adipis
937 918 1049 1003 exigui
1072 918 1185 982 odoris
1207 919 1345 984 moechi.

392 1026 456 1090 Per
477 1025 729 1111 mioroscopium
753 1025 918 1111 spectanti
936 1025 971 1088 in
983 1025 1056 1089 oleo
1069 1025 1312 1090 terebinthinae
1324 1026 1479 1091 Moschus

347 1131 501 1197 videatur
524 1153 633 1198 massa
655 1133 867 1218 aequabilior,
892 1131 1070 1217 perlucida,
1095 1130 1199 1208 tusca,
1219 1131 1382 1210 informis,
1396 1152 1479 1197 neve

347 1239 511 1305 elementa
534 1239 649 1316 aliena,
675 1239 865 1324 fragmenta
888 1239 1087 1324 plantarum,
1100 1238 1477 1322 ceteraconspiciantur.

346 1346 399 1410 Ad
426 1368 524 1411 usum
548 1368 565 1410 o
589 1347 726 1411 Moscho
750 1346 996 1411 membranulae
1019 1345 1142 1431 pilique
1165 1345 1366 1410 removenda
1389 1351 1477 1412 sunt.

394 1454 591 1518 Moschus
614 1453 657 1517 in
680 1452 835 1537 lagena
858 1453 1095 1537 epistomio
1118 1452 1264 1517 clausa
1287 1457 1479 1516 servetur

348 1581 482 1644 neque
516 1561 633 1624 calce
663 1581 799 1645 neque
833 1560 918 1625 alia
948 1559 1132 1625 materia
1163 1559 1479 1644 hygroscopica

348 1666 558 1732 adhibita.

815 1917 1018 1928 unu-a.-

586 2124 1162 2247 ÷uucuaqoumy1t

740 2307 934 2374 Decoatum
959 2306 1093 2388 Amuli.

396 2447 498 2512 Misce

448 2560 559 2620 Amyn
583 2560 695 2611 Tritici
716 2561 850 2632 partes
872 2554 967 2613 duas
989 2600 1396 2614 ...........
1463 2555 1480 2610 2

448 2659 558 2720 Aquae
580 2653 763 2728 partibus
784 2654 1004 2729 nonaginta
1020 2660 1108 2710 octo
1149 2698 1396 2712 .......
1443 2651 1481 2708 98

395 2749 502 2813 Mixto
530 2750 662 2834 agitans
686 2750 740 2816 fac
764 2751 925 2815 ebulliant
948 2751 1027 2815 dum
1049 2752 1159 2836 liquor
1180 2751 1362 2836 aequabilis
1385 2772 1480 2837 para-

352 2861 407 2920 tus
430 2855 485 2920 sit.

395 2962 611 3048 Mucilago
635 2964 772 3048 Amyli
796 2986 846 3028 ex
870 2970 1060 3050 tempore
1084 2976 1271 3049 paretur.

815 3209 1014 3220 n—-qau—-n

448 3410 497 3509 ÷
533 3416 807 3535 tiuoitsuo
841 3417 1037 3512 Gummi
1071 3418 1303 3512 arabici.

395 3593 495 3658 Solve

447 3706 597 3758 Pulveris
618 3707 748 3758 Gummi
769 3708 891 3759 arabici
913 3710 1047 3779 partes
1068 3703 1360 3780 quadraginta.
1389 3747 1396 3763 .
1443 3702 1481 3760 40

353 3799 387 3862 in
725 3871 727 3876 ¹

448 3913 558 3973 Aquas
579 3906 765 3982 partibus
790 3909 1002 3982 sexaginta
1028 3951 1395 3968 ..........
1443 3907 1480 3964 60

394 4003 610 4087 Mucilago
634 4005 795 4070 Gummi
818 4005 982 4070 arabici
1006 4029 1052 4071 ex
1075 4011 1265 4091 tempore
1289 4009 1477 4090 paretur.
