3582 5034
883 526 947 589 299

548 721 845 814 Ptenolum
891 721 1272 840 liquefactum.

393 863 494 927 Misce

445 974 578 1026 Phenoll
596 975 689 1026 ante
710 969 928 1045 liquefacti
949 976 1085 1048 partes
1107 977 1295 1029 centum.
1328 1016 1335 1030 .
1369 1016 1376 1030 .
1426 972 1482 1029 100

445 1074 556 1136 Aquae
577 1067 763 1145 partibus
785 1068 936 1144 viginti
967 1112 1375 1129 ...........
1443 1070 1481 1127 20

391 1166 515 1252 Liquor
532 1165 649 1243 clarus,
666 1165 787 1231 coloris
800 1187 927 1252 expers,
941 1167 1065 1230 sensim
1077 1166 1323 1252 quodammodo
1335 1168 1478 1232 colorem

347 1274 491 1352 trahens,
515 1273 573 1358 qui
595 1272 714 1338 caloris
737 1272 844 1358 gradu
869 1273 905 1336 5ο
927 1273 1051 1358 liquere
1075 1294 1143 1338 non
1166 1272 1308 1339 desistit.
1345 1274 1479 1339 Pondus

347 1381 535 1468 specificum
561 1381 724 1458 10631111
749 1382 856 1459 1,065.

391 1488 529 1553 Phenoli
558 1486 730 1573 liquefacti
761 1508 838 1571 pars
872 1491 900 1564 1,
932 1487 1057 1553 additis
1087 1509 1192 1572 aquae
1215 1488 1367 1573 partibus
1394 1490 1476 1566 10,3,

347 1595 507 1681 liquorem
526 1595 685 1679 praebeat
703 1594 837 1670 clarum,
858 1594 916 1679 qui
935 1594 1086 1659 chartam
1098 1594 1355 1680 exploratoriam
1367 1616 1479 1660 caeru-

345 1701 430 1766 leam
452 1700 667 1767 colorenullo
690 1706 749 1765 aut
771 1705 904 1766 tantum
928 1701 1094 1766 subrubro
1116 1700 1253 1768 inficiat.

389 1809 420 1872 A
441 1808 536 1872 luce
558 1812 768 1872 remotum
792 1811 1006 1872 servetur.

808 1985 1012 1999 ...-.-..-..—

523 2098 573 2198 -Ι-
608 2103 894 2222 Phosphaa
943 2102 1216 2198 calcicus.

770 2261 1054 2350 cauponum.

391 2406 555 2471 Paulatim
578 2405 663 2471 adde
686 2406 801 2471 mixtis

443 2518 535 2570 Aeldi
562 2518 799 2581 hydrochloricl
824 2513 1011 2591 partibus
1042 2513 1338 2590 quinquaginta
1365 2557 1371 2570 .
1440 2513 1478 2570 50

347 2596 379 2656 et
442 2689 552 2751 Aquae
581 2682 1084 2759 partibusquinquaginta
1124 2725 1371 2741 .......
1439 2681 1479 2738 50

442 2786 547 2848 oxym
578 2785 688 2838 caloiol
716 2786 848 2857 partes
876 2778 1004 2837 decem
1045 2824 1372 2839 .........
1442 2779 1479 2836 10

345 2899 448 2963 aquas
470 2879 658 2964 quantitate
681 2877 805 2963 duplici
829 2883 907 2942 ante
931 2876 1097 2943 exstincti.

388 2985 495 3064 Quem
518 2985 681 3070 liquorem
703 2985 882 3049 reaotionis
902 2983 1061 3049 alcalinae
1077 2984 1178 3050 misce
1190 3005 1295 3069 aquae
1307 2983 1476 3048 chloratae

344 3093 437 3155 tanta
459 3092 646 3176 quantitate
669 3096 708 3156 ut
730 3091 892 3156 chlorium
916 3091 1095 3156 manifesto
1117 3091 1275 3169 redoleat,
1299 3113 1365 3176 quo
1384 3089 1475 3154 facto

344 3197 466 3264 mliace
488 3198 568 3262 dum
592 3198 730 3264 ebulliat
752 3204 852 3284 atque
863 3197 961 3262 filtra.
986 3197 1136 3262 Filtratis
1148 3197 1191 3262 ad
1202 3197 1322 3263 caloris
1334 3195 1475 3281 gradum

345 3305 423 3368 25¹¹m
444 3303 652 3389 refugeretis
675 3305 808 3390 agitans
830 3305 915 3369 adde

440 3418 636 3482 Phosphstlu
655 3417 774 3470 nutrici
796 3419 930 3488 partes
951 3411 1164 3486 sexaginta
1185 3430 1295 3467 unam
1323 3455 1330 3468 .
1363 3455 1370 3468 .
1438 3409 1474 3466 61

343 3510 468 3575 solutas
491 3510 527 3574 in

439 3627 550 3687 Aquae
571 3617 758 3694 partibus
779 3617 980 3675 trecentis
1001 3660 1369 3675 ..........
1417 3615 1475 3673 300

387 3715 644 3800 Praecipitatum
669 3715 703 3778 in
727 3736 874 3800 pannum
898 3714 1073 3779 collectum
1096 3713 1244 3778 tamdiu
1266 3735 1353 3798 aqua
1375 3713 1473 3779 ablue

343 3827 380 3886 ut
406 3821 545 3906 liquoris
568 3821 745 3886 defluentis
768 3821 965 3887 centimetra
984 3820 1100 3885 cubica
1121 3823 1150 3897 5,
1171 3841 1231 3904 per
1252 3818 1340 3883 acidi
1362 3818 1473 3884 nitrici

340 3931 471 4010 guttam
497 3932 514 3990 1
539 3927 634 3992 acida
653 3925 753 4005 facta,
766 3927 881 3994 addito
893 3928 1016 3994 nitrate
1028 3927 1198 4013 argentico
1211 3931 1342 3991 tantum
1354 3924 1474 3990 leviter

341 4033 525 4098 turbentur.
551 4033 718 4119 Exprime‚
743 4034 830 4099 sicca
851 4034 970 4100 caloris
993 4035 1100 4121 gradu
1121 4055 1190 4098 non
1205 4032 1391 4118 plusquam
1404 4032 1471 4108 35⁰,

342 4135 377 4200 in
398 4138 568 4224 pulverem
589 4139 713 4226 redige.

383 4242 497 4309 Pulvis
531 4246 637 4323 albus,
673 4246 793 4324 tenuis,
829 4245 922 4324 levis,
947 4247 1275 4334 mierocrystallinus‚
1301 4241 1414 4308 odoris
1440 4249 1474 4308 et
