3466 5038
1329 417 1370 480 'xr

73 619 223 674 &mom
303 608 354 670 12.
402 607 445 670 In
480 607 699 672 describendo
734 629 799 693 quo
833 608 933 673 modo
965 608 1207 675 medicamenta
1236 611 1393 677 Galenioa

96 709 191 810 ΜΨ·
257 719 420 800 parentur
450 715 558 800 magis
589 736 688 801 quam
719 716 754 780 in
785 715 931 781 editione
955 717 989 780 3·
1015 738 1087 780 eam
1110 717 1200 780 viam
1223 718 1391 784 tenuimus

71 799 223 857 mm·
256 827 294 885 ut
326 821 480 886 rationes
504 821 682 906 subigendi
706 821 862 909 deinceps
886 821 1003 886 ordine
1021 822 1262 908 explicaremus
1285 846 1391 910 nequo

255 931 292 992 ut
320 927 609 992 enumerationem
640 929 878 993 elementorum
905 929 1168 994 necessariorum
1196 935 1391 1015 sequeretur

256 1034 437 1126 methpdns
459 1033 611 1121 parandi.

299 1139 403 1220 Quod
436 1162 551 1206 eorum
585 1161 762 1226 corporum
796 1163 963 1219 numerus,
998 1143 1034 1205 in
1057 1142 1177 1228 quibus
1199 1146 1290 1208 certe
1311 1165 1390 1229 pers

256 1247 498 1312 elementorum
518 1247 698 1313 efficacium
719 1248 917 1335 postuletur,
942 1254 1061 1313 auctus
1077 1253 1138 1327 est,
1151 1254 1224 1314 erte
1235 1251 1391 1316 cohaeret

255 1375 329 1418 cum
350 1359 455 1420 aucto
478 1376 616 1420 numero
640 1354 806 1420 factorum
828 1356 892 1420 hac
913 1355 950 1419 in
972 1377 1008 1420 re
1020 1343 1247 1442 ¹repertorum.

68 1575 220 1634 ledemari
301 1571 352 1633 13.
405 1566 688 1645 consultationes,
709 1590 811 1654 supra
829 1568 992 1647 laudatas,
1013 1569 1180 1634 Bmxellie
1199 1570 1331 1636 habitas
1351 1577 1390 1636 ut

60 1664 229 1725 validorum
256 1675 502 1740 medicamenta
526 1674 691 1739 validiora
717 1675 866 1762 paranda
887 1676 977 1740 inter
998 1697 1113 1740 omnes
1136 1677 1290 1742 nationes
1313 1699 1389 1743 con·

66 1759 220 1858 ΜΨ·
256 1782 422 1859 venirent,
447 1785 561 1846 secuta
584 1786 636 1846 est
652 1782 765 1846 tabula
777 1782 1014 1846 elementorum
1027 1788 1060 1847 et
1072 1783 1388 1849 medicamentorum

59 1847 235 1909 mmmm·
256 1910 297 1952 ex
324 1889 369 1953 iis
397 1889 668 1972 compositorum,
692 1909 786 1973 quae,
810 1893 850 1953 ut
876 1889 985 1974 quood
1010 1893 1123 1973 posset
1145 1895 1280 1954 cautum
1301 1897 1389 1956 esset

253 1998 290 2059 ut
323 1995 569 2060 medicamenta
600 1994 781 2060 secundum
812 2017 851 2060 ee
873 1996 1079 2081 praescripta
1101 2003 1387 2082 componerentur,

253 2124 295 2166 ex
317 2103 489 2168 sententia
512 2102 796 2166 consultationum
807 2102 1053 2187 participumin
1065 2103 1219 2168 omnibus
1231 2104 1388 2168 Pharma-

253 2210 390 2295 copoeis
413 2209 484 2274 sive
506 2213 634 2274 certum
657 2230 831 2272 numerum
854 2209 999 2294 partium
1018 2209 1198 2274 efficacium
1217 2211 1387 2275 continere

253 2315 324 2380 sive
347 2325 442 2380 certa
464 2318 657 2401 statutaque
678 2316 810 2380 ratione
833 2315 943 2401 pareri
966 2315 1135 2379 deberent.

297 2421 379 2486 Non
401 2421 622 2486 diiudicamus
652 2426 766 2486 utrum
796 2422 1011 2507 praescripta,
1044 2442 1129 2506 quae
1151 2422 1187 2485 in
1210 2443 1249 2486 ee
1272 2422 1386 2487 tabula

252 2528 422 2614 legrmtun
446 2529 584 2593 meliora
606 2529 674 2593 sint
690 2549 790 2614 quam
801 2527 891 2593 modi
903 2528 1043 2612 parandi
1055 2529 1091 2591 in
1102 2529 1387 2614 Pharmecopoeae

253 2634 516 2700 Nederlandicae
539 2634 685 2699 editione
712 2637 747 2698 3·
772 2635 967 2720 praescripti
984 2657 1027 2699 an
1045 2656 1113 2699 non
1125 2635 1211 2714 sint3
1224 2641 1335 2700 tamen
1347 2658 1386 2700 ea

253 2741 469 2826 praescripta,
493 2763 578 2827 quae
600 2741 690 2805 inter
708 2762 822 2805 omnes
845 2746 963 2826 gentes
986 2742 1109 2818 velent,
1133 2742 1170 2804 in
1189 2742 1386 2807 Pharmaco-

254 2869 374 2932 poeam
403 2849 550 2933 recipere
577 2869 647 2912 non
669 2847 907 2912 dubitavimus.
943 2846 1140 2912 Indicantur
1161 2848 1284 2913 litteris
1307 2849 1343 2912 F.
1357 2849 1384 2914 Ι.

253 2953 424 3029 (Formula
440 2954 730 3038 internetionalis),
753 2975 837 3039 quae
849 2958 928 3040 post
938 2955 1058 3038 capitis
1069 2953 1205 3019 titulum
1216 2954 1383 3039 leguntur.

255 3061 389 3126 Etenim
422 3068 461 3127 ut
494 3061 736 3127 medicamenta
765 3083 896 3146 semper
925 3066 959 3125 et
988 3061 1111 3145 ubique
1143 3061 1259 3125 eodem
1285 3062 1384 3127 modo

254 3175 415 3252 parentur
431 3170 480 3233 ita
491 3169 639 3233 omnium
651 3167 740 3232 votis
752 3168 921 3252 expetitur
931 3171 969 3231 ut
981 3167 1058 3231 huic
1069 3168 1243 3253 proposito
1254 3173 1386 3232 senten-

255 3275 379 3340 tentiae
403 3297 528 3352 oorum,
552 3275 609 3361 qui
632 3276 742 3339 locum
764 3274 929 3359 quendem
952 3273 1115 3350 habitent,
1132 3274 1183 3352 iis,
1197 3295 1281 3360 quae
1296 3275 1386 3340 inter

255 3402 369 3445 omnes
399 3381 553 3446 nationes
582 3381 794 3456 conveniant,
826 3381 957 3445 etiamsi
984 3401 1052 3444 non
1075 3379 1263 3444 desiderata
1285 3381 1384 3444 simul

253 3492 434 3566 mutentur,
461 3487 577 3552 cedere
599 3491 762 3572 oporteat.

301 3703 351 3765 14.
397 3701 440 3764 In
470 3700 610 3785 parendi
639 3699 823 3785 praeceptis
853 3699 1047 3785 plerumque
1080 3703 1192 3783 partes
1227 3697 1383 3783 ponderis

151 3798 157 3808 '
200 3841 206 3854 ·
254 3807 495 3892 exprimuntur.
519 3805 589 3871 Ubi
610 3811 723 3892 partes
741 3826 915 3870 mensurae
932 3805 1087 3891 usmpari
1106 3805 1190 3869 nihil
1211 3804 1383 3869 molestiae

255 3913 410 3992 habebat,
439 3916 506 3977 rati
538 3914 743 3998 praescripta
774 3912 822 3976 ita
842 3933 877 3976 se
903 3913 1011 3996 magis
1035 3912 1201 3998 applicare
1225 3910 1325 3975 rebus
1349 3914 1382 3974 et

254 4021 338 4098 usui,
355 4019 546 4084 modestum
562 4019 700 4104 grodum
715 4019 751 4082 in
763 4041 802 4083 ea
813 4019 869 4083 via
881 4017 1070 4083 faciendum
1082 4039 1154 4082 esse
1166 4017 1381 4082 decrevimus.

298 4125 505 4191 Grammatis
538 4129 649 4210 partes
680 4125 803 4189 iterum
835 4146 916 4189 voce
950 4124 1229 4209 milligrammatis
1258 4119 1383 4205 signifi-
