3530 5026
922 511 961 574 91

422 705 461 770 In
494 705 615 792 lagena
650 707 827 792 epistomio
861 707 970 771 vitreo
994 706 1151 771 obturata
1176 706 1204 770 si
1228 705 1383 790 hydratis
1406 706 1507 770 kalici

379 813 463 890 sicci,
499 813 535 876 in
571 813 716 878 frustula
749 813 992 897 magnitudinis
1026 813 1089 898 pisi
1124 813 1231 890 divisi,
1267 817 1454 898 grammate
1486 816 1505 877 2

380 918 603 985 Chloroformi
626 921 832 985 centimetris
855 920 979 985 cubicis
1005 923 1046 983 10
1067 919 1245 1004 superfusa
1264 925 1371 998 erunt,
1389 919 1509 1004 lagena

380 1025 460 1092 bene
495 1027 653 1092 obturata
687 1027 761 1092 loco
793 1027 933 1093 obscuro
956 1032 1098 1104 servata,
1124 1048 1207 1090 neve
1230 1027 1356 1111 hydras
1379 1026 1508 1091 kalicus

380 1154 461 1198 neve
484 1131 757 1198 Chloroformum
780 1134 938 1200 flavescet
961 1135 1051 1198 intra
1074 1135 1173 1199 horas
1199 1136 1250 1197 12.

423 1239 649 1306 Chlorofermi
683 1241 889 1307 centimetris
925 1241 1049 1306 cubicis
1085 1243 1104 1304 2
1139 1241 1175 1304 in
1210 1241 1346 1304 chartae
1376 1239 1509 1303 bibulae

381 1343 485 1412 frusto
526 1348 726 1432 evaporatis,
760 1370 843 1434 qnae
874 1352 1044 1434 postrema
1079 1347 1359 1433 evaporabuntur‚
1396 1346 1509 1410 odoris

382 1453 486 1530 alieni,
523 1455 720 1538 praesertim
755 1456 935 1540 pungentis
970 1455 1022 1518 vel
1062 1455 1157 1540 quasi
1181 1453 1330 1540 liquoris,
1357 1451 1505 1533 „foesel”

381 1560 435 1644 qui
456 1559 587 1639 dicitur,
612 1562 763 1647 expertia
785 1563 864 1628 sint.

423 1667 452 1730 A
482 1667 574 1733 luce
604 1673 817 1734 remotum
848 1674 1060 1736 servetur.

537 2023 948 2120 thiaratarnan
983 2025 1042 2118 ad
1079 2024 1348 2118 tarentin.

424 2200 694 2267 Chloroicrmum
706 2202 748 2268 ad
760 2202 926 2268 Narcosin
937 2201 1116 2287 postulatis
1130 2199 1365 2266 Ohloroiormo
1377 2200 1511 2286 scriptis

381 2307 571 2386 satisfaciat,
597 2315 768 2394 praeterea
790 2310 897 2375 hisce:

425 2415 662 2500 Experimento
697 2437 756 2500 per
789 2416 919 2481 acidum
954 2414 1151 2481 sulfuricum
1181 2413 1282 2492 facte,
1315 2420 1349 2479 et
1371 2419 1511 2499 uterque

379 2521 487 2607 liquor
521 2527 555 2586 et
588 2527 731 2588 stratum
766 2523 895 2589 confine
930 2523 1030 2587 etiam
1066 2527 1143 2606 post
1176 2522 1275 2586 horas
1315 2523 1357 2585 24
1390 2521 1511 2588 coloris

380 2649 496 2713 expers
519 2629 574 2694 sit.

422 2733 638 2802 Centimetris
660 2736 784 2803 cubicis
809 2739 851 2801 50
874 2737 1052 2802 destillstis
1075 2737 1155 2800 dum
1178 2735 1374 2801 centimetra
1397 2734 1512 2800 cubica

379 2839 448 2905 iere
484 2844 503 2905 2
531 2844 709 2930 supersint,
746 2845 827 2909 haec
861 2844 982 2911 coloris
1017 2845 1168 2929 expertia
1200 2844 1286 2921 sint3
1323 2842 1443 2928 quibus
1475 2843 1511 2908 in

379 2948 494 3012 charta
528 2929 643 3015 bibula
676 2952 875 3036 evnpomtis,
913 2973 996 3036 quae
1030 2954 1200 3035 postrema
1230 2949 1510 3034 evaporabuntur,

378 3059 510 3137 praeter
551 3055 686 3120 odorem
727 3056 887 3122 aleoholis
926 3056 1041 3132 additi,
1078 3056 1190 3120 odoris
1224 3055 1334 3132 alieni,
1366 3076 1511 3140 praeser-

378 3159 438 3224 tim
470 3163 651 3247 pungentis
680 3164 735 3228 vel
758 3163 852 3248 quasi
876 3162 1025 3248 liquoris,
1050 3161 1197 3242 „fossel”
1222 3162 1279 3247 qui
1301 3162 1432 3240 dicitur,
1457 3183 1512 3226 ex·

379 3267 486 3351 pertis
509 3268 587 3333 sint.

423 3371 631 3440 Centimetra
675 3377 792 3442 cubica
828 3379 847 3440 5
881 3377 910 3442 si
945 3376 1134 3442 commixtis
1167 3397 1272 3462 aquae
1306 3376 1512 3443 centimetris

378 3479 502 3547 cubicis
526 3485 545 3546 5
569 3488 604 3547 et
616 3482 754 3568 liquoris
767 3482 916 3549 Nessleri
929 3483 1036 3568 guttis
1049 3485 1068 3546 3
1081 3483 1197 3548 addita
1209 3503 1340 3568 unaque
1352 3505 1512 3568 conquas-

378 3591 451 3651 sata
474 3593 581 3666 erunt,
606 3593 746 3674 uterque
770 3589 880 3675 liquor
902 3611 961 3674 per
980 3591 1081 3654 horae
1097 3593 1227 3674 partem
1239 3589 1512 3673 quaitamclsms

379 3692 424 3756 sit
447 3697 481 3757 et
504 3693 625 3759 coloris
649 3717 777 3780 expers.

425 3796 781 3866 Chlorcformum
811 3804 862 3868 ad
893 3802 1112 3868 Narcoein
1143 3807 1348 3868 servetur
1377 3803 1421 3867 in
1451 3803 1513 3867 la·

380 3905 503 3987 genis
556 3909 716 3992 parvis,
771 3909 1038 3975 centimetra
1088 3909 1241 3975 cubica
1285 3931 1367 3974 non
1414 3906 1513 3993 plus

381 4031 500 4094 quam
548 4018 611 4079 100
658 4016 1008 4094 continentibus,
1053 4017 1361 4102 propemodum
1403 4034 1512 4078 com·

381 4117 524 4201 pletis,
561 4123 814 4208 epistomiis
848 4125 1010 4190 vitreis
1042 4125 1147 4189 bene
1179 4121 1413 4196 obturatis,
1446 4118 1513 4182 iu·

382 4223 475 4302 scis,
509 4226 604 4294 loco
635 4229 816 4316 frigido,
850 4253 870 4296 a
900 4233 994 4296 luce
1024 4235 1244 4295 remotum.
