3584 5026
856 489 920 550 188

396 679 445 777 -Ι-
481 683 705 776 fructus
740 680 984 777 sambuci
1021 690 1282 776 recentes.

364 842 506 909 Fructus
530 842 663 920 maturi,
687 847 836 908 recentes
856 862 940 927 quos
961 841 1027 906 lert
1051 840 1287 906 Sembucus
1310 841 1447 924 nigra,

319 949 419 1014 LINN.
445 948 499 1035 Sp.
525 950 572 1014 Pl.
599 951 674 1014 269.

362 1092 497 1178 Drupae
530 1093 688 1177 globosae
719 1093 771 1156 vel
806 1096 935 1169 ovatae,
968 1091 1158 1177 tripyrenae
1181 1091 1234 1154 vel
1257 1089 1447 1176 dipyrenae,

316 1200 507 1264 millimetra
531 1204 549 1264 5
573 1200 615 1264 ad
641 1200 658 1265 7
683 1199 812 1284 longae,
838 1221 855 1262 e
878 1199 1026 1264 violaceo
1049 1199 1174 1283 nigrae,
1188 1197 1323 1274 nitidae,
1337 1197 1448 1261 calicis

316 1305 473 1370 dentibus
511 1312 545 1371 et
583 1307 778 1393 stigmatum
820 1305 1019 1370 cicatriculis
1061 1310 1247 1369 coronatae.
1300 1304 1449 1389 Pyrenae

317 1412 489 1498 oblongae,
515 1413 674 1479 lateribus
696 1413 866 1498 repressis,
890 1411 1103 1478 flavofuscae.

362 1518 456 1584 Odor
477 1521 648 1606 proprius;
673 1541 773 1606 sapor
795 1519 888 1584 acide
911 1520 1027 1585 dulcis.

781 1733 982 1743 —---—--

649 1872 698 1970 ÷
732 1875 1025 1970 Galbanum.

362 2034 606 2099 Gummircsina
650 2056 749 2120 quam
791 2035 952 2122 praebent
995 2035 1106 2099 variae
1148 2036 1274 2122 species
1316 2035 1447 2121 generis

319 2141 510 2218 Ferulae,
535 2142 955 2227 quarumnominandaest
975 2143 1133 2207 Ferale
1156 2141 1446 2226 galbaniflua,

319 2249 431 2312 Borss
467 2253 501 2312 et
536 2249 668 2325 Bousn,
703 2248 738 2310 in
767 2247 877 2312 Nouv.
914 2248 1012 2312 Mdm.
1037 2247 1111 2313 Soc.
1136 2248 1215 2313 Nat.
1241 2249 1343 2312 Mose.
1369 2246 1447 2311 XII.

334 2357 419 2419 1860
458 2357 510 2419 99.

316 2359 327 2434 l
362 2359 468 2526 Sucirs
503 2462 627 2526 lacteus
652 2483 669 2524 e
693 2461 842 2526 caulibus
866 2461 1036 2546 profluens
1060 2483 1135 2526 cere
1158 2461 1345 2526 induratus.

361 2604 473 2667 Graue
508 2608 662 2689 separata
692 2609 751 2668 aut
780 2605 1021 2688 conglutinata,
1054 2603 1206 2669 subflavo
1240 2609 1300 2669 aut
1329 2603 1446 2668 rubro-

316 2713 404 2778 flava
438 2716 498 2778 cut
520 2735 539 2777 e
565 2712 727 2778 subviridi
761 2713 866 2792 lusca,
902 2713 1051 2780 fractura
1086 2713 1218 2778 sordide
1252 2713 1337 2789 albe,
1369 2733 1447 2775 mox

316 2818 501 2905 superficiei
523 2820 667 2886 colorem
690 2820 867 2897 trahentis,
891 2826 951 2886 aut
972 2841 1100 2886 messae
1119 2820 1270 2897 maiores,
1284 2839 1445 2894 enormes,

316 2926 531 2992 viridifuscae
550 2931 610 2991 aut
632 2927 748 2991 flavae.
773 2926 909 3012 Frigida
932 2927 1065 3012 fragilia
1087 2932 1176 3004 sunt,
1197 2925 1357 2992 calefacta
1368 2946 1447 2989 mox

316 3035 516 3098 mollescunt
527 3033 708 3120 digitisque
719 3034 911 3098 adhaerent,
936 3034 1030 3098 Odor
1047 3034 1212 3120 proprius,
1226 3032 1444 3109 aromaticum

317 3161 418 3225 sapor
440 3161 584 3205 amanus.

360 3246 503 3312 Galbnni
526 3269 675 3334 gramma
701 3251 717 3311 1
743 3247 772 3312 si
794 3269 870 3313 cum
893 3248 1033 3334 spiritus
1049 3247 1254 3312 centimetris
1266 3246 1390 3311 cubicis
1398 3247 1445 3309 ’20

315 3359 509 3419 concoctum
544 3355 617 3432 erit,
653 3376 740 3441 pars,
765 3376 849 3441 quae
879 3354 1078 3442 refrigerata
1109 3355 1195 3419 solvi
1224 3375 1293 3418 non
1323 3357 1443 3438 potest,

316 3461 438 3526 siccata
463 3461 583 3527 caloris
606 3462 710 3546 gradu
736 3461 824 3540 100⁰,
855 3462 1161 3547 milligrammatum
1184 3482 1226 3524 ne
1248 3461 1324 3546 plus
1346 3481 1445 3545 quam

316 3569 381 3630 350
405 3567 459 3633 sit.
484 3567 616 3633 Solutio
636 3568 816 3653 spirituosa
838 3568 934 3647 flava,
959 3569 1074 3634 addita
1096 3569 1281 3633 ammoniae
1304 3571 1403 3652 gutta
1416 3569 1444 3643 l,

314 3675 423 3738 colore
443 3675 792 3754 caemdeofluorescit3
813 3697 918 3762 aquae
929 3676 1118 3761 quontitate
1130 3673 1328 3760 quintuplici
1339 3672 1446 3737 diluta

315 3781 441 3846 emulsa
464 3781 539 3847 albe
562 3782 709 3866 praebet.

359 3888 545 3952 Galbanum
569 3888 690 3954 coloris
713 3889 810 3954 valde
834 3890 966 3956 obscuri
989 3889 1154 3955 reiciatur.

358 3995 411 4059 Ad
431 4017 528 4060 usum
549 3996 745 4074 Galbanum,
769 4019 829 4082 per
851 3998 974 4063 calcem
997 3998 1109 4061 vivam
1122 3997 1290 4071 siccatum,
1305 3997 1444 4058 contun-

313 4102 414 4167 detur
435 4109 469 4168 et
492 4126 551 4190 per
573 4103 719 4170 cribrum
741 4104 929 4189 quisquiliis
952 4109 1132 4190 purgetur;
1160 4123 1226 4187 quo
1253 4101 1344 4165 iacto
1367 4120 1444 4184 pru-

313 4209 432 4274 denter
453 4217 631 4276 contusum
652 4217 686 4276 et
709 4211 890 4276 contritum
915 4212 949 4275 in
973 4211 1143 4297 pulverem
1162 4207 1442 4294 (Bwlredigotur.
