3544 5050
839 536 903 601 457

501 730 753 823 Tinctum
785 729 995 826 secatis
1031 731 1247 826 cornuti.

352 925 503 990 Perendu
526 950 543 991 e

404 1038 525 1091 &celin
544 1040 673 1092 cornuti
693 1036 733 1092 in
754 1036 954 1112 pulverem
972 1032 1220 1114 (B10)redacti
1240 1040 1279 1092 et
1297 1053 1364 1111 per

442 1131 604 1190 aethera
629 1133 801 1211 petrolei
828 1131 1069 1210 pinguedine
1097 1131 1266 1190 liberati
1288 1151 1363 1209 pur·

443 1228 543 1287 tibus
565 1231 701 1306 viginti
707 1273 1354 1292 .................
1402 1229 1441 1287 20

306 1331 340 1391 et

401 1439 542 1505 Spiritus
561 1442 660 1494 diluti
680 1436 865 1532 pertibus
887 1443 1041 1495 centum
1064 1480 1353 1495 ........
1383 1434 1441 1492 100

349 1549 475 1636 Liquor
496 1553 617 1618 coloris
640 1554 727 1618 clere
750 1553 872 1622 vinosi.

347 1658 384 1722 Si
407 1659 549 1724 mixtum
561 1661 741 1725 Tincturoe
754 1660 879 1725 Secelie
892 1660 1024 1724 cornuti
1036 1657 1270 1723 centimetrum
1284 1655 1439 1721 cubicum

306 1766 322 1826 l
355 1765 541 1830 ammoniae
563 1771 661 1853 gutte
687 1771 703 1830 1
729 1787 804 1831 cum
827 1768 962 1831 aethere
985 1767 1245 1850 conquassatum
1269 1768 1303 1827 et
1329 1761 1440 1848 liquor

302 1870 476 1935 aethereus
490 1871 585 1936 acido
598 1871 760 1937 sulfurico
773 1872 1051 1958 superimpositus
1063 1871 1137 1949 erit,
1151 1875 1296 1936 stratum
1310 1870 1440 1934 confine

304 1977 449 2042 colorem
470 1979 585 2044 trahet
606 1978 800 2046 violaceum.

346 2083 481 2148 Pondus
514 2083 703 2170 specificum
738 2087 837 2162 0392
872 2085 914 2149 ed
938 2087 1049 2162 0‚899.
1073 2084 1234 2149 Tincture
1258 2087 1441 2168 evaporato

302 2211 370 2253 non
392 2189 503 2254 minus
527 2211 626 2276 quum
649 2195 779 2277 partem
802 2191 1017 2256 centesimam
1043 2192 1094 2270 1,7
1118 2191 1295 2277 relinquet.

300 2331 413 2392 Doses
434 2336 615 2394 maximae
636 2335 797 2411 singulae
819 2339 1061 2412 grammatum
1082 2335 1141 2410 25.

301 2429 414 2491 Doses
424 2433 605 2492 maximae
614 2434 652 2492 in
663 2434 769 2493 horas
779 2433 924 2494 vicenas
934 2438 1125 2508 quaternas
1137 2438 1378 2510 grammatum
1393 2434 1439 2494 10.

485 3072 736 3166 Tinctum
769 3070 1118 3193 Stroptantti.
1154 3074 1238 3168 ΕΙ.

639 3265 883 3356 Strophnnthi
916 3270 1103 3338 Tinctum.

350 3407 503 3474 Medefec

402 3522 544 3574 seminis
571 3524 784 3588 strophanthi
815 3520 854 3577 in
880 3521 1081 3597 pulverem
1107 3520 1184 3598 (B30)
1206 3521 1361 3580 reducti

441 3621 576 3691 partes
607 3613 733 3674 decem
745 3661 1353 3682 ................
1404 3619 1439 3677 10

401 3717 544 3781 spiritus
564 3719 662 3772 diluti
683 3715 865 3792 partibus
886 3718 1018 3775 tribue
1026 3759 1354 3777 .........
1423 3717 1440 3773 3

348 3827 484 3892 Percolo
506 3849 566 3914 per
587 3830 744 3916 spiritum
764 3831 907 3896 dilutum
925 3853 992 3918 quo
1004 3833 1103 3897 modo
1115 3832 1440 3898 TincturueAcouiti

302 3935 544 4022 praescriptum
567 3942 627 4003 eet.

347 4041 472 4127 liquor
495 4042 612 4123 flavus,
638 4045 768 4132 soporis
790 4046 905 4111 emori.

346 4147 507 4215 Tinctum
549 4151 780 4240 Strophunthi‚
826 4152 942 4218 addite
975 4174 1070 4239 equo,
1107 4153 1244 4241 praebet
1278 4152 1440 4237 liquorem

302 4254 436 4330 clerum,
461 4256 577 4323 oddito
600 4259 744 4338 aethere,
769 4259 949 4325 turbidum.
