3582 5034
762 483 764 490 ¹
839 457 902 520 337

306 652 532 717 millimotrum
559 655 589 732 1,
612 650 759 736 fragiles,
785 672 844 736 per
867 651 1112 736 longitudinem
1135 673 1287 738 rugosae,
1313 651 1436 731 fuscae,

305 761 396 825 intra
419 759 535 838 flavae,
561 759 644 824 stela
667 759 873 838 tenuissima,
898 759 1070 845 angulosa.

352 867 572 952 Microscopia
604 867 759 951 pulveris.
794 866 953 952 Pleraque
977 866 1167 952 fragmenta
1190 867 1265 953 plus
1288 869 1440 933 minusve

307 974 404 1040 flava.
429 974 659 1059 Parenchyma
681 974 908 1060 leptotichum,
927 973 1104 1060 pleraeque
1115 973 1252 1039 cellulae
1266 972 1438 1060 oblongae,

308 1082 419 1166 amylo
443 1086 535 1146 totae
557 1081 727 1166 impletae,
751 1081 856 1144 multa
879 1102 1010 1166 quoque
1029 1082 1132 1166 amyli
1150 1103 1255 1168 grana
1274 1087 1438 1166 separata,

308 1189 501 1274 plerumque
535 1188 700 1252 diametro
723 1187 806 1252 ‘lad
826 1190 893 1265 8μ,
914 1209 1070 1274 magnam
1089 1192 1219 1273 partem
1238 1187 1440 1274 subglobosa

308 1301 342 1360 ct
363 1297 543 1381 simplicia;
566 1296 752 1381 composita
774 1317 905 1380 quoquc
928 1295 1052 1361 adsum
1074 1295 1252 1381 diadelpha
1272 1295 1315 1360 ad
1338 1301 1440 1362 tetra-

308 1402 439 1486 delpha.
467 1402 556 1466 Vasa
578 1401 772 1466 scrobiculis
795 1401 994 1486 duplicibus,
1018 1401 1200 1480 rimalibus,
1225 1424 1293 1467 nou
1316 1424 1393 1468 raro
1404 1402 1440 1468 in

307 1508 485 1573 fasciculos
505 1508 692 1601 coniuncta;
704 1508 853 1573 membra
864 1529 995 1593 quoque
1007 1529 1164 1574 vasorum
1175 1508 1299 1592 brevia,
1312 1509 1439 1574 cellulis

307 1616 631 1701 sclerenchymaticis
654 1616 776 1680 similia
782 1637 790 1693 ;
811 1637 892 1680 vasa
911 1617 1047 1701 spiralia
1058 1617 1268 1702 paucissima.
1293 1615 1440 1683 Cellulae

307 1723 495 1800 suberosae,
508 1723 767 1808 quadrangulae,
788 1723 1033 1809 quodammodo
1052 1723 1225 1811 oblongae,
1238 1723 1441 1790 membranis

308 1828 474 1906 tenuibus,
498 1828 681 1894 clarissime
704 1827 820 1894 fuscis.
855 1829 918 1894 Pili
939 1829 1102 1894 radicales
1124 1830 1285 1895 nonnulli.
1320 1830 1440 1895 Fibrae

308 1935 511 2001 libritormes
547 1937 767 2022 pachytichae
801 1937 918 2002 adesse
953 1943 1104 2022 possunt.
1135 1937 1272 2023 Hydrae
1302 1937 1442 2002 chlorali

308 2044 518 2130 pigmentum
540 2043 665 2108 flavum
688 2045 845 2109 extrahit.
869 2044 911 2110 In
934 2043 1352 2128 hydratechloraliiodato
1365 2047 1442 2129 post

309 2171 431 2236 paucas
455 2153 556 2215 horae
579 2156 692 2236 partes
715 2151 939 2236 sexagesimus
963 2153 1069 2216 multa
1087 2151 1247 2236 crystalla
1258 2151 1442 2216 lamellaria

309 2255 404 2320 fimca
437 2256 615 2334 exsistunt,
650 2257 813 2342 quadrata
846 2257 901 2322 vel
936 2257 1081 2342 oblonga
1107 2257 1161 2321 vel
1182 2257 1366 2342 sexangula
1388 2257 1442 2322 vel

309 2361 447 2426 alterius
466 2363 602 2447 figurae,
623 2363 794 2448 complura
804 2385 935 2448 quoque
946 2364 1036 2427 inter
1047 2385 1082 2428 so
1094 2363 1280 2428 coniuncta.
1293 2363 1335 2426 In
1346 2363 1441 2428 acido

309 2469 432 2533 nitrico
454 2467 595 2534 fortiore
617 2469 728 2554 pulvis
751 2470 895 2534 colorem
914 2470 1020 2534 trahit
1039 2470 1178 2534 obscure
1195 2467 1441 2534 rubrofuacum.

311 2574 353 2639 ln
384 2575 480 2640 acido
514 2577 636 2641 nitrico
669 2576 776 2640 diluto
806 2577 1062 2642 innumerabilia
1086 2577 1246 2661 crystalla
1267 2577 1443 2642 anicularia

311 2681 478 2747 exsistunt
500 2684 624 2761 tenuia,
648 2682 746 2767 flava,
770 2705 868 2768 saepe
891 2683 1137 2769 quodammodo
1158 2683 1248 2748 inter
1270 2705 1306 2747 se
1326 2683 1442 2748 cohae-

309 2787 418 2852 rentia
439 2789 691 2873 (berberinum).

357 2894 451 2959 Odor
473 2893 739 2975 subnarcoticus;
764 2919 864 2982 sapor
886 2919 1029 2962 amarus.

358 3001 565 3067 Rhizomatis
600 3003 783 3088 Hydrastis
807 3004 918 3088 pulvis
941 3003 1136 3068 combustus
1159 3003 1280 3068 cineris
1303 3024 1345 3067 ne
1370 3003 1445 3088 plus

313 3129 412 3192 quam
436 3113 547 3193 partes
570 3111 769 3176 centesimas
794 3112 814 3176 6
837 3111 1012 3198 relinquat.

775 3339 978 3351 ι--ιο--ι

558 3515 607 3612 -Ι-
643 3517 896 3612 Rhizana
939 3518 1122 3612 iridis.

359 3695 520 3759 Rhizoma
560 3701 713 3761 accurate
754 3695 992 3761 decorticatum
1034 3695 1122 3780 quod
1164 3695 1325 3780 praebent
1359 3694 1446 3761 Iris

317 3799 571 3880 florentina,
608 3801 708 3866 Luta.
744 3801 836 3887 Syst.
873 3801 933 3865 lld.
969 3801 1010 3866 X.
1036 3803 1111 3880 863,
1135 3802 1163 3866 Ι.
1188 3803 1444 3887 germanica,

317 3905 416 3972 LINN.
442 3908 499 3994 Sp.
524 3909 571 3973 Pl.
597 3911 649 3987 38,
674 3909 701 3972 I.
726 3908 902 3994 pallida,
927 3907 1015 3972 Lau.
1040 3909 1163 3994 Encyc.
1187 3909 1251 3972 III.
1278 3911 1352 3972 294.

362 4067 483 4131 Frusta
504 4067 547 4131 sd
570 4068 766 4132 centimetra
790 4071 830 4132 15
854 4068 964 4152 longa,
988 4068 1055 4133 lata
1077 4069 1120 4133 ad
1144 4073 1173 4148 5,
1198 4089 1308 4134 crassa
1323 4068 1365 4132 ad
1383 4071 1447 4154 2,5,

318 4173 442 4256 gravia,
463 4173 554 4251 dura,
574 4173 689 4250 solida,
706 4195 877 4258 quaecum
888 4173 1091 4260 franguntur
1102 4176 1273 4262 pulverem
1285 4182 1449 4260 spargunt

1365 4331 1400 4384 24
