3582 5034
880 566 943 631 327

344 761 396 825 his
420 761 512 826 striis
541 761 635 846 quasi
659 767 861 826 marmorata
884 767 950 840 est;
982 762 1066 826 levis
1090 767 1123 826 et
1135 762 1331 847 praesertim
1344 763 1477 828 madida

344 867 434 933 facta
455 868 491 931 in
514 890 590 932 area
613 869 699 933 clare
719 868 907 933 fuscoilava
919 869 1043 955 figuras
1055 871 1194 934 obscure
1207 868 1319 934 fuscas
1332 869 1402 934 fere
1415 871 1476 935 has

342 974 497 1040 exhibet:
521 975 720 1040 incircuitu
744 977 843 1040 strias
867 982 992 1054 tenues,
1017 976 1174 1055 radiatas,
1195 977 1286 1040 varie
1310 982 1474 1056 curvatas,

342 1103 435 1166 quae,
471 1081 536 1146 nisi
570 1083 674 1146 caulis
709 1083 809 1147 altius
840 1083 1063 1148 decorticatos
1086 1089 1147 1161 est,
1172 1104 1275 1169 prope
1299 1084 1474 1148 circuitum

342 1188 430 1251 linea
463 1188 583 1253 cambii
613 1187 708 1253 fusca
738 1193 969 1274 persecantur;
993 1189 1135 1254 interius
1158 1189 1259 1255 striae
1283 1191 1476 1276 plerumque

342 1294 470 1379 figuras
493 1293 648 1360 efficiunt
660 1296 765 1360 stellis
777 1295 911 1375 similes,
925 1295 1093 1361 interdum
1106 1296 1351 1382 quodammodo
1363 1303 1478 1362 exten·

343 1408 404 1480 tas,
428 1402 592 1467 diametro
615 1402 842 1468 millimetrum
868 1407 886 1468 5
910 1403 953 1468 ad
979 1406 1029 1481 10,
1054 1424 1225 1489 quaecum
1237 1403 1340 1468 radiis
1352 1404 1478 1468 medul-

343 1507 467 1573 laribus
496 1509 700 1574 conveniunt
722 1508 958 1576 fasciculorum
981 1509 1262 1588 secundariorum,
1287 1516 1477 1576 transverse

342 1621 584 1699 persectorum;
609 1617 804 1700 praesertim
823 1617 859 1680 in
878 1617 997 1682 intima
1016 1622 1110 1703 parte
1123 1618 1224 1682 striae
1237 1639 1334 1702 saepe
1346 1639 1477 1703 quoque

342 1721 390 1786 ita
430 1722 560 1808 positae
601 1729 690 1802 sunt,
726 1730 765 1790 nt
799 1729 988 1789 transverse
1023 1728 1192 1810 persectac
1226 1725 1305 1802 sint,
1341 1746 1406 1810 qua
1440 1746 1476 1791 re

342 1827 444 1892 striae
479 1828 592 1896 fuscae
622 1852 690 1895 non
712 1853 788 1896 raro
813 1831 884 1896 sine
907 1831 980 1916 lege
1004 1831 1133 1918 positae
1156 1837 1190 1896 et
1213 1835 1370 1896 curvatae
1394 1837 1474 1896 sunt

343 1935 514 2020 multoque
535 1936 704 2022 longiores
727 1942 760 2002 et
783 1937 971 2003 crassiores.

386 2041 495 2107 Radix
513 2042 596 2107 Rhei
615 2065 691 2108 cum
711 2044 932 2111 manducatur
942 2046 1031 2111 inter
1042 2045 1160 2110 dentes
1172 2044 1310 2123 stridet;
1334 2045 1474 2110 salivam

343 2146 468 2212 flavam
491 2149 612 2215 reddit.

386 2254 604 2342 Microscopia
624 2258 780 2342 pulveris.
805 2259 917 2324 Grana
934 2259 1037 2345 amyli
1050 2259 1169 2336 soluta,
1183 2259 1290 2325 multa
1301 2258 1474 2343 simplicia,
1586 2299 1588 2304 ·

341 2382 440 2447 saepe
475 2366 516 2428 15
551 2363 593 2427 ad
631 2367 672 2427 18
703 2389 727 2440 μ
759 2365 869 2452 longa,
902 2366 1085 2431 sedetiam
1108 2365 1215 2430 multo
1239 2365 1379 2444 minora,
1404 2364 1474 2429 fere

340 2468 488 2552 globosa,
512 2469 597 2534 rima
619 2471 764 2537 nucleari
787 2473 935 2552 centrali,
961 2473 1154 2558 plerumque
1177 2471 1293 2536 stratis
1316 2493 1383 2536 non
1395 2493 1474 2537 oon-

340 2574 479 2659 spiouis3
503 2598 607 2662 grana
630 2579 815 2664 composita
837 2580 973 2658 rariora,
994 2578 1171 2664 diadelpha
1190 2577 1233 2642 ad
1252 2578 1472 2663 tetradclpha.

332 2681 498 2746 ¹Stellulae
522 2705 540 2746 c
559 2685 726 2770 crystallis
737 2686 901 2752 diametro
913 2687 956 2750 ad
971 2690 1033 2751 145
1046 2710 1081 2764 μ,
1095 2687 1224 2750 solutae
1237 2686 1290 2749 vel
1300 2685 1336 2748 in
1348 2685 1475 2751 cellulis

340 2790 651 2874 parenchymaticis.
676 2793 763 2857 Vasa
785 2793 922 2858 retifera
945 2793 1084 2858 maculis
1099 2792 1235 2877 grossis,
1248 2791 1474 2858 infasciculos

338 2915 469 2980 quoque
492 2896 639 2962 collecta.
665 2898 892 2985 Parenohyma
914 2900 1143 2984 leptotichum.
1180 2899 1365 2984 Phalangcs
1387 2898 1473 2964 telae

340 3001 580 3086 phloematicae
621 3005 801 3070 admodum
843 3028 1022 3092 repressae,
1064 3005 1276 3091 leptotichae.
1322 3005 1363 3068 In
1399 3006 1471 3070 oleo

338 3108 631 3194 caryophyllorum
642 3112 776 3176 crebrae
787 3113 924 3177 cellulae
932 3112 1251 3199 parenchymaticae‚
1260 3111 1470 3198 leptotichae‚

339 3234 475 3299 prorsus
489 3217 644 3302 impletae
654 3240 763 3284 massa
774 3219 980 3298 rubroiusca,
993 3219 1167 3306 aequabili,
1179 3219 1330 3283 lamellae
1341 3240 1472 3304 quoque

339 3321 467 3387 solutae
490 3328 524 3387 et
547 3323 638 3409 globi
660 3348 681 3389 a
704 3326 826 3390 talibus
850 3327 970 3392 massis
990 3326 1136 3405 oriundi3
1150 3325 1361 3391 membranae
1373 3325 1472 3391 cellu-

339 3427 446 3492 larum
481 3435 514 3494 et
548 3432 696 3516 amylum
730 3433 866 3498 omnino
901 3435 1011 3499 colore
1045 3438 1169 3499 carent.
1205 3433 1246 3496 In
1270 3453 1356 3518 aqua
1379 3441 1414 3496 et
1436 3433 1471 3496 in

339 3533 481 3619 hydrate
500 3537 637 3601 chloreli
658 3561 773 3604 omnes
791 3561 921 3604 massae
932 3541 1045 3606 fuscae
1058 3541 1234 3604 solvuntur
1245 3540 1354 3604 colore
1366 3539 1471 3617 flavo;

338 3640 451 3706 addita
486 3643 652 3709 solutione
685 3645 839 3731 hydratis
873 3647 984 3725 kalici,
1020 3647 1131 3711 soluta
1166 3646 1305 3710 trahunt
1327 3646 1471 3710 colorem

340 3747 478 3813 obscure
501 3747 696 3816 latericium.

384 3852 476 3918 Odor
510 3857 643 3942 proprie
676 3859 888 3937 aromaticus,
924 3859 1090 3937 acidulus;
1130 3880 1229 3945 sapor
1263 3858 1469 3936 euhemerus,

339 3961 474 4043 paulum
497 3962 721 4050 adstringens.

383 4066 515 4133 Radicis
538 4069 623 4133 Rhei
644 4070 755 4155 pulvis
774 4071 967 4138 combustus
985 4071 1105 4137 cineris
1117 4077 1230 4158 partes
1242 4070 1472 4135 centesimast

339 4171 381 4235 ed
406 4176 447 4237 12
470 4175 645 4260 relinquat.

804 4337 1005 4348 ...a—..—
