3582 5034
909 517 973 581 388

374 717 408 776 et
419 711 692 776 innovationibus
703 711 850 777 dilatatis
861 717 1017 777 constant
1029 715 1050 776 3
1061 711 1103 777 ad
1117 715 1147 775 8.
1164 711 1321 797 Quaeque
1332 711 1504 776 innovatio

373 818 617 904 quodammodo
646 817 940 904 planopiriformis,
973 819 1091 898 tenuis,
1115 817 1296 904 cylindrica
1318 819 1353 882 in
1376 819 1505 883 basiet

373 927 409 989 in
450 926 551 1012 apice,
595 947 695 1011 supra
737 925 883 990 medium
921 926 1100 1004 latissima;
1139 931 1250 1012 partes
1284 927 1371 990 latae
1405 946 1504 1010 supra

371 1039 524 1098 arcuatae
559 1038 647 1111 sunt,
672 1032 759 1097 unde
783 1038 893 1097 totum
915 1033 1065 1097 rhizoma
1088 1033 1213 1097 directe
1234 1038 1420 1118 persectum
1444 1054 1503 1097 un·

372 1140 527 1205 dulosum
550 1145 618 1218 ast3
654 1145 766 1225 partes
789 1140 969 1206 latissimae
992 1140 1160 1205 interdum
1191 1141 1234 1204 ab
1256 1140 1361 1205 altero
1384 1140 1439 1203 vel
1461 1141 1504 1205 ab

371 1251 513 1332 utroque
535 1246 638 1311 latere
672 1268 764 1311 ramo
798 1246 966 1332 praeditae
1000 1252 1089 1312 sunt.
1136 1247 1333 1333 Superlicies
1368 1253 1505 1333 propter

371 1353 663 1419 decorticationem
696 1354 941 1439 quodammodo
975 1355 1134 1440 angulata
1168 1359 1228 1432 est,
1252 1354 1328 1420 albe
1349 1353 1401 1418 vel
1427 1354 1503 1418 sub

371 1460 502 1526 flavida.
528 1461 608 1526 Pars
631 1461 783 1547 superior
804 1461 909 1547 partis
928 1461 1085 1526 dilatatae
1108 1462 1266 1547 cuiusque
1278 1461 1503 1525 innovationis

372 1568 481 1632 sulcos
516 1575 724 1633 transversos
761 1571 801 1632 12
836 1568 979 1646 exhibet,
1015 1589 1090 1632 cum
1114 1568 1271 1633 foliorum
1294 1567 1503 1632 cicatricibus

372 1676 617 1753 convenientes,
659 1696 898 1760 nonnunquam
931 1675 1077 1740 alternos
1111 1674 1321 1739 dextrorsum
1356 1680 1390 1739 et
1423 1673 1502 1738 sini·

372 1787 535 1848 stroreum
569 1782 735 1860 dilatatos,
768 1787 938 1867 praeterea
962 1783 1014 1847 his
1037 1781 1245 1847 cicatricibus
1267 1781 1503 1846 convenientes

371 1889 504 1954 ordines
523 1890 671 1954 locorum
690 1890 826 1974 paulum
837 1888 1078 1974 depressorum,
1091 1887 1274 1953 fractorum
1286 1908 1441 1952 vasorum
1453 1887 1502 1950 fa·

371 1995 568 2061 sciculorum
584 1995 756 2074 foliorum;
771 1995 934 2060 eiusmodi
946 1994 1102 2059 loliorum
1115 1995 1283 2060 cicatrices
1295 1994 1404 2058 minus
1416 1993 1502 2057 altae

369 2123 430 2166 nee
453 2103 524 2167 sine
536 2124 691 2168 vasorum
711 2101 877 2167 fasciculis
907 2102 1030 2166 adsunt
1052 2102 1087 2165 in
1111 2101 1261 2187 partibus
1284 2100 1500 2177 tenuioribus,

369 2209 562 2295 plerumque
584 2231 715 2294 quoque
737 2210 772 2272 in
785 2214 877 2293 parte
889 2207 1057 2272 inferiore.
1081 2208 1341 2272 Innovationum
1357 2207 1501 2293 partium

370 2317 511 2380 latarum
531 2338 608 2402 pars
634 2316 774 2380 inferior
795 2316 989 2400 plerumque
1012 2316 1201 2380 cicatricum
1225 2320 1276 2379 est
1295 2335 1422 2400 expers,
1443 2312 1501 2378 sed

369 2445 517 2508 quaeque
529 2423 701 2488 innovatio
714 2422 849 2487 exhibet
859 2426 877 2486 5
887 2423 1020 2487 ordines
1030 2427 1246 2498 transversos,
1256 2420 1501 2507 quodammodo

369 2529 521 2615 obliquos
544 2529 734 2594 cicatricum
756 2529 915 2608 radicum,
939 2551 1023 2615 quae
1047 2528 1145 2614 paulo
1165 2526 1501 2612 minusquamcanti-

369 2641 476 2700 metra
499 2637 631 2721 singula
654 2636 741 2700 inter
765 2657 799 2700 se
823 2636 947 2701 distare
968 2637 1085 2713 solent,
1099 2635 1261 2699 diametro
1273 2633 1500 2698 millimetrum

369 2743 439 2806 fere
460 2744 489 2819 2,
507 2743 717 2820 orbiculares‚
731 2742 866 2827 paulum
879 2742 995 2820 editae,
1010 2742 1108 2826 paulo
1120 2741 1337 2818 obscuriores,
1351 2740 1500 2825 margine

369 2850 455 2914 clare
477 2848 583 2914 fusca.
607 2849 767 2914 Fractura
787 2855 977 2914 transversa
989 2848 1071 2913 satis
1083 2869 1196 2933 aequa,
1210 2869 1278 2911 non
1291 2847 1406 2926 nitida,
1419 2868 1499 2933 quo·
1512 2917 1517 2926 ,

368 2955 545 3020 dammodo
569 2954 781 3034 farinulenta,
814 2956 889 3021 alba
909 2956 962 3020 vel
985 2955 1194 3033 flavidoalba,
1220 2955 1344 3020 crebris
1367 2954 1499 3040 punctis

368 3063 489 3148 parvis,
515 3063 728 3141 tenuissimis,
752 3063 885 3141 nitidis;
910 3068 1025 3128 cortex
1047 3083 1177 3127 crassus
1200 3061 1242 3126 ad
1265 3061 1456 3125 millimetra
1467 3063 1497 3138 4,

366 3170 479 3254 paucis
502 3170 635 3256 punctis
658 3169 756 3255 paulo
780 3170 1026 3235 obscurioribus
1044 3167 1499 3234 etstriisvasorumiascicu·

367 3275 474 3340 lorum
508 3281 751 3362 persectorum;
788 3277 879 3355 stole,
914 3276 1110 3362 praesertim
1144 3276 1179 3339 in
1213 3281 1307 3361 parte
1331 3273 1497 3350 inferiore,

367 3381 451 3447 bene
480 3383 627 3462 definita,
653 3384 802 3468 praedita
825 3384 940 3448 multis
962 3405 1118 3447 vasorum
1142 3381 1318 3458 fasciculis,
1343 3402 1497 3466 magnam

368 3497 495 3574 partem
520 3490 555 3553 in
579 3491 727 3576 margine
751 3490 963 3555 coacervatis.

412 3597 629 3682 Microscopia
651 3597 807 3683 pulveris.
840 3597 953 3682 Amyli
976 3619 1080 3681 grana
1102 3601 1254 3681 separata
1265 3595 1319 3658 vel
1331 3593 1497 3658 interdum

365 3703 513 3789 amylum
543 3704 638 3768 adest
669 3705 703 3766 in
726 3703 852 3768 cellulis
875 3703 1191 3789 parenchymaticis3
1216 3723 1320 3786 grana
1342 3721 1497 3784 magnam

365 3816 494 3895 partem
529 3809 691 3895 simplicia
726 3815 813 3886 sunt,
849 3831 953 3896 pauca
986 3809 1170 3894 composita
1203 3807 1388 3892 diadelplm,
1422 3828 1497 3870 rara

365 3916 560 4001 triadelpha.
604 3917 715 3980 Grana
749 3917 912 4002 simplicia
946 3915 1054 3981 forma
1088 3922 1121 3979 et
1156 3913 1384 3999 magnitudine
1418 3917 1497 3977 sunt

365 4023 600 4101 diversissima,
619 4023 747 4087 minora
759 4045 856 4108 saepe
868 4023 1016 4108 globosa.
1037 4023 1148 4086 Grana
1159 4022 1285 4085 maiora
1304 4027 1337 4085 et
1353 4020 1496 4084 maxime

366 4129 500 4215 propria
524 4133 565 4194 20
588 4129 631 4194 ad
656 4131 698 4193 30
722 4155 745 4202 μ
770 4136 849 4194 sunt
871 4131 979 4216 longa,
1004 4129 1071 4193 lata
1096 4131 1137 4192 10
1160 4128 1202 4192 ad
1228 4131 1268 4192 16
1290 4152 1324 4204 μ,
1342 4126 1494 4209 oblonga,

366 4236 552 4313 subconica,
588 4237 659 4301 basi
694 4237 764 4301 sive
800 4237 949 4302 tenuiore
973 4237 1043 4300 sive
1066 4236 1193 4313 latiore;
1219 4235 1307 4300 basis
1331 4239 1493 4309 truncata,
