3584 5026
864 505 927 571 176

370 700 412 766 In
446 700 544 764 India
577 698 741 764 Orientali
767 698 1011 763 Nederlandica
1034 699 1176 764 Fructus
1200 701 1347 764 Bruceae
1370 699 1458 764 inter

324 807 390 872 elia
423 805 614 870 nominibus
644 805 730 891 bidji
760 805 920 870 makasar
947 808 1068 891 (grana
1097 807 1294 892 macasaria)
1316 813 1351 872 et
1374 814 1456 871 tcm-

325 915 408 978 bara
431 913 579 1000 maridja
603 918 777 977 vocantur.

790 1141 990 1152 ---.-——-—-1

547 1318 597 1416 ÷
631 1322 866 1415 Fructus
910 1319 1145 1440 tarsici.

368 1502 510 1566 Fructus
544 1500 667 1566 maturi
698 1521 782 1586 quos
812 1499 928 1565 ferunt
955 1499 1136 1596 varietates
1159 1499 1311 1563 diversae
1334 1499 1452 1584 speciei

323 1607 499 1694 Capsici
534 1607 675 1684 annui,
700 1607 801 1672 LmN.
826 1606 883 1692 sp.
908 1606 955 1671 Pl.
982 1608 1055 1670 188.

367 1771 475 1836 Bacae
508 1768 717 1854 sarcocarpio
739 1789 856 1854 parum
879 1765 1037 1854 perfecte,
1060 1787 1201 1854 quarum
1224 1787 1353 1831 summa
1374 1788 1453 1852 pars

321 1899 475 1962 magnam
498 1880 627 1962 partem
646 1896 722 1940 aere
740 1875 878 1960 impleta
897 1879 963 1952 est;
983 1872 1258 1959 brevipetiolatee
1273 1879 1332 1938 aut
1346 1875 1454 1960 longi-

320 1984 509 2069 petiolstae‚
532 1981 634 2048 calice
657 1981 859 2067 persistenti,
882 1985 995 2046 rotato
1013 1979 1056 2044 ad
1074 1981 1353 2067 campanulatum,
1366 1980 1452 2046 iobis

320 2091 454 2156 minime
477 2088 635 2176 perfectis
660 2092 678 2153 5
702 2088 744 2153 ad
765 2090 794 2166 6,
814 2087 935 2153 coloris
946 2087 1285 2173 griseoviridissicut
1297 2088 1450 2173 potiolus.

319 2199 397 2285 Ipse
420 2197 551 2264 fnuctus
572 2197 694 2282 longus
718 2199 771 2260 est
788 2195 986 2261 centimetra
1006 2200 1026 2260 5
1045 2194 1088 2259 ed
1110 2198 1160 2274 12,
1173 2195 1209 2259 in
1228 2195 1301 2261 basi
1318 2217 1452 2262 crassus

319 2303 362 2368 ad
385 2303 580 2369 centimetra
603 2304 633 2379 4,
657 2307 746 2369 recte
765 2303 819 2367 val
837 2307 975 2368 ommate
993 2302 1137 2380 conicus,
1151 2308 1260 2368 cetera
1272 2302 1451 2368 admodum

318 2410 480 2487 diversus,
512 2409 584 2474 sive
606 2409 740 2474 brevior
762 2415 796 2475 et
818 2409 970 2486 crassior,
996 2409 1067 2473 eive
1090 2408 1223 2494 longior
1244 2414 1279 2474 et
1301 2409 1448 2487 tenui0r3

318 2521 452 2583 constat
473 2516 625 2602 carpellis
651 2519 669 2580 2
693 2537 754 2582 nec
776 2537 853 2581 raro
877 2519 907 2593 3,
931 2538 1010 2602 pars
1028 2515 1169 2582 inferior
1188 2522 1239 2582 est
1259 2516 1450 2582 bilocularis

318 2630 377 2689 aut
411 2621 620 2700 trilocularis,
657 2623 782 2709 saeptis
816 2623 990 2708 completis
1012 2629 1047 2686 et
1068 2623 1232 2708 placentis
1254 2623 1342 2702 latis,
1366 2623 1450 2688 axil-

316 2730 452 2808 laribus,
476 2729 691 2808 aurantiacis3
715 2729 752 2793 in
773 2728 905 2794 fructus
928 2729 1117 2794 altitudinis
1136 2733 1232 2816 parte
1246 2729 1318 2794 fera
1328 2734 1449 2816 quarta

317 2841 433 2922 saepta
455 2835 624 2901 discedere
646 2835 812 2921 incipiunt
834 2841 869 2901 et
888 2857 967 2900 mox
985 2836 1123 2902 reducta
1142 2841 1222 2902 sunt
1239 2836 1276 2900 in
1295 2835 1448 2922 placenta

317 2943 442 3020 tenuia,
466 2942 672 3027 marginalia,
696 2942 879 3028 parietalia,
903 2964 989 3029 quae
1011 2943 1054 3008 ad
1077 2943 1207 3010 fructus
1225 2943 1352 3029 apicem
1369 2964 1447 3009 con·

316 3050 493 3115 tinuantur
508 3054 544 3114 et
557 3071 617 3134 per
632 3071 788 3136 magnam
803 3054 933 3136 partem
944 3049 1167 3136 longitudinis
1178 3050 1305 3114 semina
1317 3047 1447 3127 ferunt3

316 3177 445 3222 summa
477 3155 583 3240 igitur
611 3177 689 3241 pars
719 3155 850 3222 fructus
880 3155 1095 3222 uuilocularis
1129 3161 1191 3221 est.
1222 3155 1447 3241 Pericarpium

314 3282 463 3326 crassum
489 3264 541 3325 est
564 3260 607 3325 ad
629 3261 811 3327 millimetri
832 3265 945 3348 partes
968 3261 1165 3328 centesimas
1188 3261 1329 3348 triginta
1351 3262 1446 3347 quin-

314 3389 378 3453 que
408 3369 523 3450 (0,35),
548 3367 679 3444 siccum,
703 3369 897 3446 coriaceum,
922 3369 1041 3447 flexile,
1064 3368 1158 3454 rugis
1179 3368 1309 3448 crassis,
1328 3389 1446 3456 parum

315 3475 493 3560 expressis3
520 3475 627 3542 lucem
651 3497 767 3540 versus
790 3481 977 3561 spectatum
999 3476 1133 3543 crebros
1167 3475 1302 3541 exhibet
1324 3497 1446 3541 nervos

313 3581 467 3658 directos,
490 3603 608 3667 parum
631 3603 790 3648 ramosos.
816 3583 1013 3668 Superficies
1033 3583 1179 3648 exterior
1189 3582 1315 3669 glabra,
1327 3582 1443 3660 nitide,

313 3687 511 3754 fuscorubra
540 3688 594 3753 vel
625 3689 726 3754 rubra
756 3689 809 3755 vel
839 3689 1042 3768 aurantiaca,
1073 3711 1149 3755 raro
1179 3690 1276 3768 flava,
1302 3692 1321 3753 2
1345 3690 1442 3754 ve13

312 3795 425 3860 nervis
447 3795 591 3874 directis,
616 3818 733 3882 parum
747 3797 927 3883 impressis,
940 3796 1061 3863 coloris
1072 3796 1315 3881 quodammodo
1327 3795 1444 3862 ubscu-

311 3901 419 3978 rioris,
454 3922 529 3967 cum
562 3903 687 3987 saeptis
721 3903 996 3970 convenientibus
1003 3922 1011 3982 ;
1046 3901 1082 3966 in
1112 3901 1204 3988 apice
1235 3923 1339 3988 parva
1362 3902 1443 3987 styli

311 4008 450 4074 cicatrix
471 4009 625 4075 rotunda.
646 4009 843 4096 Supsrficies
862 4010 1002 4074 interior
1013 4009 1106 4096 mgis
1118 4009 1284 4086 tenuibus,
1297 4009 1441 4076 directis.

356 4115 491 4180 Semina
523 4115 721 4182 creberrima
751 4122 839 4194 sunt,
874 4116 996 4202 partim
1030 4121 1193 4202 separata,
1229 4115 1350 4202 partim
1372 4115 1441 4202 pla-

309 4222 416 4286 centis
437 4221 536 4286 affixe
555 4220 703 4286 funiculo
722 4223 825 4300 brevi,
846 4222 1104 4299 membranacea
1118 4222 1160 4287 ad
1172 4220 1441 4308 perpendiculum
