3530 5026
870 498 933 560 122

381 690 445 756 His
467 689 552 754 udde

431 804 567 867 Saponis
593 803 746 856 medlenti
767 807 901 876 portes
922 797 1050 856 deoem
1091 842 1377 856 ........
1428 797 1464 853 10

334 900 377 973 et,
402 917 476 961 oum
498 917 609 960 messe
631 897 713 962 setis
736 895 935 982 refrigerate
957 897 1030 972 erit,

431 1009 630 1073 camphorae
650 1011 785 1080 partes
806 1002 902 1062 dues
929 1045 1377 1063 ............
1446 1001 1462 1058 2

334 1101 496 1166 contritas
519 1122 594 1165 oum

431 1213 500 1265 Olet
526 1213 651 1265 &semi
671 1209 856 1285 pertibus
877 1209 1009 1267 tribus
1049 1251 1377 1267 .........
1444 1206 1462 1261 3

379 1305 604 1390 Emplastrum
628 1305 839 1384 flavoulbum,
863 1307 1077 1392 camphorem
1099 1305 1263 1371 redolens,

789 1742 1008 1836 [mulsa.

377 1921 550 1986 Emulso
590 1943 608 1985 e
650 1920 898 1998 seminibus,
939 1921 1004 1984 nisi
1037 1920 1103 1984 eliu
1136 1920 1223 1985 ratio
1257 1919 1460 2005 praescripto

332 2027 405 2105 erit,
436 2028 485 2092 itu
508 2033 667 2112 putentur
690 2033 728 2092 ut
751 2027 887 2092 seminis
910 2027 1023 2091 decem
1046 2032 1159 2112 perles
1182 2025 1404 2090 adhibeantur
1425 2025 1460 2088 in

331 2135 532 2199 emulsorum
555 2140 668 2220 partes
691 2140 834 2199 eentum.

375 2240 582 2326 Amygduloe
604 2246 684 2306 unte
707 2241 905 2326 epispermio
927 2241 1120 2307 liberentur.

377 2348 548 2412 Emulsu
579 2349 736 2426 oleosu,
761 2348 825 2413 nisi
849 2347 947 2412 aliter
970 2349 1212 2434 praescriptum
1235 2349 1308 2426 erit,
1333 2369 1374 2412 ex
1386 2346 1459 2413 oleo

329 2459 364 2519 et
386 2476 404 2518 e
428 2454 569 2519 Pulvere
599 2454 733 2519 Gummi
763 2454 886 2520 arabici
910 2460 1078 2539 parentur,
1110 2456 1159 2520 itu
1181 2460 1220 2521 ut
1242 2455 1306 2520 olei
1330 2454 1459 2540 pondus

329 2560 453 2646 duplex
475 2561 529 2639 sit,
552 2562 607 2625 vel
630 2562 658 2626 si
682 2561 801 2627 Oleum
823 2561 932 2626 Rioiui
953 2561 1140 2640 adhibetur,
1165 2562 1296 2647 triplex.

374 2667 450 2733 Nisi
477 2668 544 2732 eliu
573 2668 661 2732 rstio
684 2669 889 2754 praescripto
910 2668 984 2746 erit,
1009 2669 1073 2733 olei
1097 2673 1208 2754 purtes
1231 2667 1343 2734 decem
1366 2667 1459 2732 udhi⁴

330 2775 473 2840 beentur
494 2775 530 2839 in
554 2775 755 2841 emulsorum
778 2780 891 2860 perles
914 2779 1058 2840 eentum.

374 2881 411 2946 Si
435 2883 597 2946 emulsum
621 2883 770 2947 oleosum
793 2883 955 2966 (mixture
978 2881 1106 2966 oleosu)
1129 2882 1369 2967 praescriptum
1385 2880 1457 2956 erit,

332 2993 470 3073 peretur
491 3010 534 3052 ex
558 2988 641 3053 Oleo
663 2988 937 3074 Amygdulurum.

647 3411 696 3509 ÷
731 3415 1059 3534 Eupenolum.

632 3589 1146 3678 cunposnpoonsonnet.

386 3732 594 3798 Elementum
634 3733 828 3819 primarium
867 3734 941 3799 Olei
977 3732 1280 3819 Curyophyllorum
1315 3737 1350 3797 et
1385 3731 1458 3797 Olei

333 3839 501 3904 Foliorum
524 3839 745 3906 Oinnumomi.

377 4001 503 4066 Recens
526 4008 680 4087 puratum
703 4007 755 4068 est
777 4004 887 4089 liquor
909 4003 1031 4069 eoloris
1055 4001 1125 4067 fere
1149 4022 1277 4086 expers,
1302 4000 1360 4086 qui
1383 4019 1458 4063 sere

330 4108 492 4192 puulutim
505 4108 664 4188 flavescit,
677 4109 820 4194 denique
832 4112 976 4176 colorem
988 4109 1222 4177 rubrolusoum
1235 4107 1349 4173 trahit.
1367 4103 1459 4169 Odor

329 4215 493 4299 proprius,
519 4217 653 4281 tenuior
675 4239 773 4302 quum
794 4217 857 4282 olei
882 4219 1191 4305 ouryophyllorum3
1216 4237 1316 4301 sopor
1338 4213 1459 4278 aeriter
