<?xml version="1.0" encoding="UTF-8"?>
<!DOCTYPE html PUBLIC "-//W3C//DTD XHTML 1.0 Transitional//EN"
    "http://www.w3.org/TR/xhtml1/DTD/xhtml1-transitional.dtd">
<html xmlns="http://www.w3.org/1999/xhtml" xml:lang="en" lang="en">
 <head>
  <title>
</title>
<meta http-equiv="Content-Type" content="text/html;charset=utf-8" />
  <meta name='ocr-system' content='tesseract 3.04.00' />
  <meta name='ocr-capabilities' content='ocr_page ocr_carea ocr_par ocr_line ocrx_word'/>
</head>
<body>
  <div class='ocr_page' id='page_1' title='image "./pharmocopoeaned00zakegoog_0131.png"; bbox 0 0 3530 5026; ppageno 0'>
   <div class='ocr_carea' id='block_1_1' title="bbox 859 510 922 573">
    <p class='ocr_par' dir='ltr' id='par_1_1' title="bbox 859 510 922 573">
     <span class='ocr_line' id='line_1_1' title="bbox 859 510 922 573; baseline 0.016 -1"><span class='ocrx_word' id='word_1_1' title='bbox 859 510 922 573; x_wconf 88' lang='grc'>100</span> 
     </span>
    </p>
   </div>
   <div class='ocr_carea' id='block_1_2' title="bbox 320 702 1450 1111">
    <p class='ocr_par' dir='ltr' id='par_1_2' title="bbox 320 702 1450 897">
     <span class='ocr_line' id='line_1_2' title="bbox 320 702 1450 793; baseline -0.004 -19"><span class='ocrx_word' id='word_1_2' title='bbox 320 709 458 786; x_wconf 89' lang='lat' dir='ltr'>nitidus,</span> <span class='ocrx_word' id='word_1_3' title='bbox 480 729 557 793; x_wconf 88' lang='lat' dir='ltr'>pars</span> <span class='ocrx_word' id='word_1_4' title='bbox 576 705 695 770; x_wconf 89' lang='lat' dir='ltr'>intima</span> <span class='ocrx_word' id='word_1_5' title='bbox 715 705 861 770; x_wconf 87' lang='lat' dir='ltr'>tenuiter</span> <span class='ocrx_word' id='word_1_6' title='bbox 880 704 1010 769; x_wconf 78' lang='lat' dir='ltr'>radiata</span> <span class='ocrx_word' id='word_1_7' title='bbox 1028 707 1063 768; x_wconf 91' lang='lat' dir='ltr'>et</span> <span class='ocrx_word' id='word_1_8' title='bbox 1080 703 1275 788; x_wconf 88' lang='lat' dir='ltr'>praesertim</span> <span class='ocrx_word' id='word_1_9' title='bbox 1287 702 1450 788; x_wconf 81' lang='lat' dir='ltr'>perfusca.</span> 
     </span>
     <span class='ocr_line' id='line_1_3' title="bbox 322 810 1247 897; baseline -0.01 -15"><span class='ocrx_word' id='word_1_10' title='bbox 322 817 483 882; x_wconf 64' lang='lat' dir='ltr'>Fructum</span> <span class='ocrx_word' id='word_1_11' title='bbox 506 821 697 881; x_wconf 89' lang='lat' dir='ltr'>transversa</span> <span class='ocrx_word' id='word_1_12' title='bbox 719 811 877 888; x_wconf 78' lang='lat' dir='ltr'>resinosa,</span> <span class='ocrx_word' id='word_1_13' title='bbox 902 833 1016 897; x_wconf 88' lang='lat' dir='ltr'>aequa,</span> <span class='ocrx_word' id='word_1_14' title='bbox 1040 832 1109 875; x_wconf 94' lang='lat' dir='ltr'>non</span> <span class='ocrx_word' id='word_1_15' title='bbox 1131 810 1247 874; x_wconf 84' lang='lat' dir='ltr'>nitide.</span> 
     </span>
    </p>

    <p class='ocr_par' dir='ltr' id='par_1_3' title="bbox 366 917 1221 1004">
     <span class='ocr_line' id='line_1_4' title="bbox 366 917 1221 1004; baseline -0.006 -17"><span class='ocrx_word' id='word_1_16' title='bbox 366 922 460 988; x_wconf 84' lang='lat' dir='ltr'>Odor</span> <span class='ocrx_word' id='word_1_17' title='bbox 481 921 698 998; x_wconf 74' lang='lat' dir='ltr'>aromaticus,</span> <span class='ocrx_word' id='word_1_18' title='bbox 723 940 823 1004; x_wconf 89' lang='lat' dir='ltr'>sapor</span> <span class='ocrx_word' id='word_1_19' title='bbox 845 917 1054 996; x_wconf 81' lang='lat' dir='ltr'>aromaticus,</span> <span class='ocrx_word' id='word_1_20' title='bbox 1079 939 1221 983; x_wconf 89' lang='lat' dir='ltr'>amarus.</span> 
     </span>
    </p>

    <p class='ocr_par' dir='ltr' id='par_1_4' title="bbox 365 1025 1420 1111">
     <span class='ocr_line' id='line_1_5' title="bbox 365 1025 1420 1111; baseline -0.006 -17"><span class='ocrx_word' id='word_1_21' title='bbox 365 1031 533 1096; x_wconf 88' lang='lat' dir='ltr'>Accensus</span> <span class='ocrx_word' id='word_1_22' title='bbox 556 1033 672 1094; x_wconf 80' lang='lat' dir='ltr'>cortex</span> <span class='ocrx_word' id='word_1_23' title='bbox 694 1027 825 1091; x_wconf 85' lang='lat' dir='ltr'>fumum</span> <span class='ocrx_word' id='word_1_24' title='bbox 848 1025 978 1111; x_wconf 75' lang='lat' dir='ltr'><strong>spargit</strong></span> <span class='ocrx_word' id='word_1_25' title='bbox 1000 1025 1127 1092; x_wconf 82' lang='lat' dir='ltr'>moechi</span> <span class='ocrx_word' id='word_1_26' title='bbox 1150 1025 1251 1090; x_wconf 90' lang='lat' dir='ltr'>odore</span> <span class='ocrx_word' id='word_1_27' title='bbox 1274 1045 1420 1110; x_wconf 85' lang='lat' dir='ltr'>gravem.</span> 
     </span>
    </p>
   </div>
   <div class='ocr_carea' id='block_1_3' title="bbox 671 1437 1107 1535">
    <p class='ocr_par' dir='ltr' id='par_1_5' title="bbox 671 1437 1107 1535">
     <span class='ocr_line' id='line_1_6' title="bbox 671 1437 1107 1535; baseline -0.005 -1"><span class='ocrx_word' id='word_1_28' title='bbox 671 1437 857 1534; x_wconf 76' lang='lat' dir='ltr'>Cortex</span> <span class='ocrx_word' id='word_1_29' title='bbox 901 1438 1107 1535; x_wconf 72' lang='lat' dir='ltr'>filinae.</span> 
     </span>
    </p>
   </div>
   <div class='ocr_carea' id='block_1_4' title="bbox 323 1615 1452 1916">
    <p class='ocr_par' dir='ltr' id='par_1_6' title="bbox 323 1615 1452 1916">
     <span class='ocr_line' id='line_1_7' title="bbox 367 1615 1452 1703; baseline -0.005 -18"><span class='ocrx_word' id='word_1_30' title='bbox 367 1617 493 1686; x_wconf 78' lang='lat' dir='ltr'><strong>Cortex</strong></span> <span class='ocrx_word' id='word_1_31' title='bbox 517 1621 552 1682; x_wconf 90' lang='lat' dir='ltr'>et</span> <span class='ocrx_word' id='word_1_32' title='bbox 574 1617 688 1702; x_wconf 77' lang='lat' dir='ltr'>stirpis</span> <span class='ocrx_word' id='word_1_33' title='bbox 712 1623 747 1682; x_wconf 91' lang='lat' dir='ltr'>et</span> <span class='ocrx_word' id='word_1_34' title='bbox 768 1639 936 1683; x_wconf 89' lang='lat' dir='ltr'>ramorum</span> <span class='ocrx_word' id='word_1_35' title='bbox 960 1622 994 1683; x_wconf 90' lang='lat' dir='ltr'>et</span> <span class='ocrx_word' id='word_1_36' title='bbox 1016 1616 1163 1682; x_wconf 90' lang='lat' dir='ltr'>radicum</span> <span class='ocrx_word' id='word_1_37' title='bbox 1186 1638 1270 1703; x_wconf 90' lang='lat' dir='ltr'>quae</span> <span class='ocrx_word' id='word_1_38' title='bbox 1293 1615 1452 1701; x_wconf 74' lang='lat' dir='ltr'>praebent</span> 
     </span>
     <span class='ocr_line' id='line_1_8' title="bbox 323 1723 1451 1812; baseline -0.004 -20"><span class='ocrx_word' id='word_1_39' title='bbox 323 1728 457 1812; x_wconf 77' lang='lat' dir='ltr'>plantae</span> <span class='ocrx_word' id='word_1_40' title='bbox 502 1726 610 1791; x_wconf 87' lang='lat' dir='ltr'>cultae</span> <span class='ocrx_word' id='word_1_41' title='bbox 656 1723 906 1790; x_wconf 84' lang='lat' dir='ltr'>Cinchonce</span> <span class='ocrx_word' id='word_1_42' title='bbox 952 1725 1244 1802; x_wconf 86' lang='lat' dir='ltr'>succirubrae,</span> <span class='ocrx_word' id='word_1_43' title='bbox 1292 1724 1374 1788; x_wconf 78' lang='lat' dir='ltr'>Psv.</span> <span class='ocrx_word' id='word_1_44' title='bbox 1410 1744 1451 1787; x_wconf 83' lang='lat' dir='ltr'>ex</span> 
     </span>
     <span class='ocr_line' id='line_1_9' title="bbox 323 1831 1239 1916; baseline -0.001 -19"><span class='ocrx_word' id='word_1_45' title='bbox 323 1833 499 1910; x_wconf 71' lang='lat' dir='ltr'>Ktorson,</span> <span class='ocrx_word' id='word_1_46' title='bbox 522 1832 559 1896; x_wconf 92' lang='lat' dir='ltr'>in</span> <span class='ocrx_word' id='word_1_47' title='bbox 581 1831 668 1896; x_wconf 86' lang='lat' dir='ltr'>Abh.</span> <span class='ocrx_word' id='word_1_48' title='bbox 691 1831 800 1896; x_wconf 88' lang='lat' dir='ltr'>Akad.</span> <span class='ocrx_word' id='word_1_49' title='bbox 826 1832 912 1897; x_wconf 90' lang='lat' dir='ltr'>Berl.</span> <span class='ocrx_word' id='word_1_50' title='bbox 939 1832 1022 1896; x_wconf 86' lang='grc'><strong>1857</strong></span> <span class='ocrx_word' id='word_1_51' title='bbox 1047 1833 1164 1916; x_wconf 89' lang='grc'>(1858)</span> <span class='ocrx_word' id='word_1_52' title='bbox 1187 1833 1239 1896; x_wconf 90' lang='grc'>60.</span> 
     </span>
    </p>
   </div>
   <div class='ocr_carea' id='block_1_5' title="bbox 323 1990 1452 2397">
    <p class='ocr_par' dir='ltr' id='par_1_7' title="bbox 323 1990 1452 2397">
     <span class='ocr_line' id='line_1_10' title="bbox 367 1990 1452 2076; baseline -0.001 -19"><span class='ocrx_word' id='word_1_53' title='bbox 367 1993 489 2057; x_wconf 81' lang='lat' dir='ltr'>Fmsta</span> <span class='ocrx_word' id='word_1_54' title='bbox 512 1991 668 2057; x_wconf 86' lang='lat' dir='ltr'>tubulosa</span> <span class='ocrx_word' id='word_1_55' title='bbox 690 1992 744 2056; x_wconf 88' lang='lat' dir='ltr'>vel</span> <span class='ocrx_word' id='word_1_56' title='bbox 766 1992 984 2058; x_wconf 86' lang='lat' dir='ltr'>canaliculata</span> <span class='ocrx_word' id='word_1_57' title='bbox 1006 1992 1060 2057; x_wconf 87' lang='lat' dir='ltr'>vel</span> <span class='ocrx_word' id='word_1_58' title='bbox 1076 1992 1193 2076; x_wconf 90' lang='lat' dir='ltr'>plana;</span> <span class='ocrx_word' id='word_1_59' title='bbox 1217 1990 1290 2056; x_wconf 87' lang='lat' dir='ltr'>tubi</span> <span class='ocrx_word' id='word_1_60' title='bbox 1301 1991 1452 2056; x_wconf 88' lang='lat' dir='ltr'>diversae</span> 
     </span>
     <span class='ocr_line' id='line_1_11' title="bbox 323 2097 1451 2186; baseline -0.002 -22"><span class='ocrx_word' id='word_1_61' title='bbox 323 2099 543 2186; x_wconf 79' lang='lat' dir='ltr'>longitudinis</span> <span class='ocrx_word' id='word_1_62' title='bbox 595 2104 629 2163; x_wconf 89' lang='lat' dir='ltr'>et</span> <span class='ocrx_word' id='word_1_63' title='bbox 680 2099 921 2176; x_wconf 88' lang='lat' dir='ltr'>crassitudinis,</span> <span class='ocrx_word' id='word_1_64' title='bbox 969 2099 1144 2184; x_wconf 77' lang='lat' dir='ltr'>praecipue</span> <span class='ocrx_word' id='word_1_65' title='bbox 1176 2099 1213 2163; x_wconf 90' lang='lat' dir='ltr'>in</span> <span class='ocrx_word' id='word_1_66' title='bbox 1246 2097 1451 2184; x_wconf 74' lang='lat' dir='ltr'>marginibus</span> 
     </span>
     <span class='ocr_line' id='line_1_12' title="bbox 323 2195 1450 2291; baseline -0.002 -19"><span class='ocrx_word' id='word_1_67' title='bbox 323 2195 394 2271; x_wconf 83' lang='lat' dir='ltr'>arte¹</span> <span class='ocrx_word' id='word_1_68' title='bbox 417 2205 598 2272; x_wconf 89' lang='lat' dir='ltr'>convoluti.</span> <span class='ocrx_word' id='word_1_69' title='bbox 623 2204 821 2291; x_wconf 87' lang='lat' dir='ltr'>Superficies</span> <span class='ocrx_word' id='word_1_70' title='bbox 843 2206 990 2270; x_wconf 89' lang='lat' dir='ltr'>exterior</span> <span class='ocrx_word' id='word_1_71' title='bbox 1001 2205 1094 2291; x_wconf 82' lang='lat' dir='ltr'>mgis</span> <span class='ocrx_word' id='word_1_72' title='bbox 1105 2205 1240 2270; x_wconf 88' lang='lat' dir='ltr'>directis</span> <span class='ocrx_word' id='word_1_73' title='bbox 1251 2204 1450 2282; x_wconf 87' lang='lat' dir='ltr'>enormibus,</span> 
     </span>
     <span class='ocr_line' id='line_1_13' title="bbox 323 2311 1452 2397; baseline -0.001 -19"><span class='ocrx_word' id='word_1_74' title='bbox 323 2317 359 2378; x_wconf 86' lang='lat' dir='ltr'>et</span> <span class='ocrx_word' id='word_1_75' title='bbox 390 2312 511 2378; x_wconf 85' lang='lat' dir='ltr'>crassis</span> <span class='ocrx_word' id='word_1_76' title='bbox 541 2317 575 2377; x_wconf 88' lang='lat' dir='ltr'>et</span> <span class='ocrx_word' id='word_1_77' title='bbox 598 2312 764 2390; x_wconf 79' lang='lat' dir='ltr'>tenuibus,</span> <span class='ocrx_word' id='word_1_78' title='bbox 789 2334 886 2397; x_wconf 88' lang='lat' dir='ltr'>saepe</span> <span class='ocrx_word' id='word_1_79' title='bbox 908 2313 1002 2377; x_wconf 90' lang='lat' dir='ltr'>rimis</span> <span class='ocrx_word' id='word_1_80' title='bbox 1026 2311 1234 2389; x_wconf 83' lang='lat' dir='ltr'>transversis,</span> <span class='ocrx_word' id='word_1_81' title='bbox 1257 2311 1452 2377; x_wconf 86' lang='lat' dir='ltr'>centimetre</span> 
     </span>
    </p>
   </div>
   <div class='ocr_carea' id='block_1_6' title="bbox 322 2417 1451 2506">
    <p class='ocr_par' dir='ltr' id='par_1_8' title="bbox 322 2417 1451 2506">
     <span class='ocr_line' id='line_1_14' title="bbox 322 2417 1451 2506; baseline -0.003 -21"><span class='ocrx_word' id='word_1_82' title='bbox 322 2419 455 2506; x_wconf 83' lang='lat' dir='ltr'>singula</span> <span class='ocrx_word' id='word_1_83' title='bbox 487 2418 576 2484; x_wconf 90' lang='lat' dir='ltr'>inter</span> <span class='ocrx_word' id='word_1_84' title='bbox 598 2440 632 2483; x_wconf 81' lang='lat' dir='ltr'>re</span> <span class='ocrx_word' id='word_1_85' title='bbox 655 2417 868 2497; x_wconf 89' lang='lat' dir='ltr'>distantibus,</span> <span class='ocrx_word' id='word_1_86' title='bbox 893 2441 1063 2504; x_wconf 81' lang='lat' dir='ltr'>nunquam</span> <span class='ocrx_word' id='word_1_87' title='bbox 1085 2417 1219 2484; x_wconf 82' lang='lat' dir='ltr'>corticis</span> <span class='ocrx_word' id='word_1_88' title='bbox 1241 2417 1451 2483; x_wconf 86' lang='lat' dir='ltr'>latitudinem</span> 
     </span>
    </p>
   </div>
   <div class='ocr_carea' id='block_1_7' title="bbox 322 2524 1452 4320">
    <p class='ocr_par' dir='ltr' id='par_1_9' title="bbox 322 2524 1452 3348">
     <span class='ocr_line' id='line_1_15' title="bbox 322 2524 1449 2610; baseline 0.001 -20"><span class='ocrx_word' id='word_1_89' title='bbox 322 2531 430 2591; x_wconf 88' lang='lat' dir='ltr'>totam</span> <span class='ocrx_word' id='word_1_90' title='bbox 473 2526 752 2610; x_wconf 79' lang='lat' dir='ltr'>percurrentibus,</span> <span class='ocrx_word' id='word_1_91' title='bbox 795 2526 895 2590; x_wconf 88' lang='lat' dir='ltr'>rectis</span> <span class='ocrx_word' id='word_1_92' title='bbox 929 2524 982 2589; x_wconf 86' lang='lat' dir='ltr'>vel</span> <span class='ocrx_word' id='word_1_93' title='bbox 1016 2525 1142 2610; x_wconf 85' lang='lat' dir='ltr'>figurae</span> <span class='ocrx_word' id='word_1_94' title='bbox 1175 2525 1281 2590; x_wconf 86' lang='lat' dir='ltr'>lineae</span> <span class='ocrx_word' id='word_1_95' title='bbox 1315 2524 1449 2601; x_wconf 74' lang='lat' dir='ltr'>tractae,</span> 
     </span>
     <span class='ocr_line' id='line_1_16' title="bbox 322 2631 1449 2718; baseline -0.002 -20"><span class='ocrx_word' id='word_1_96' title='bbox 322 2633 439 2710; x_wconf 87' lang='lat' dir='ltr'>acutis,</span> <span class='ocrx_word' id='word_1_97' title='bbox 473 2653 542 2696; x_wconf 93' lang='lat' dir='ltr'>non</span> <span class='ocrx_word' id='word_1_98' title='bbox 576 2632 670 2710; x_wconf 78' lang='lat' dir='ltr'>eltis;</span> <span class='ocrx_word' id='word_1_99' title='bbox 705 2631 797 2697; x_wconf 91' lang='lat' dir='ltr'>color</span> <span class='ocrx_word' id='word_1_100' title='bbox 830 2631 1064 2718; x_wconf 78' lang='lat' dir='ltr'>hiscogriseus,</span> <span class='ocrx_word' id='word_1_101' title='bbox 1089 2632 1226 2698; x_wconf 84' lang='lat' dir='ltr'>maculis</span> <span class='ocrx_word' id='word_1_102' title='bbox 1250 2632 1449 2708; x_wconf 86' lang='lat' dir='ltr'>enormibus,</span> 
     </span>
     <span class='ocr_line' id='line_1_17' title="bbox 323 2738 1451 2826; baseline -0.001 -22"><span class='ocrx_word' id='word_1_103' title='bbox 323 2738 519 2825; x_wconf 80' lang='lat' dir='ltr'>subgriseis;</span> <span class='ocrx_word' id='word_1_104' title='bbox 544 2739 667 2823; x_wconf 79' lang='lat' dir='ltr'>passim</span> <span class='ocrx_word' id='word_1_105' title='bbox 691 2738 801 2804; x_wconf 87' lang='lat' dir='ltr'>obsita</span> <span class='ocrx_word' id='word_1_106' title='bbox 815 2743 866 2803; x_wconf 88' lang='lat' dir='ltr'>est</span> <span class='ocrx_word' id='word_1_107' title='bbox 878 2738 1064 2804; x_wconf 89' lang='lat' dir='ltr'>lichenibus</span> <span class='ocrx_word' id='word_1_108' title='bbox 1076 2741 1157 2804; x_wconf 75' lang='lat' dir='ltr'>setis</span> <span class='ocrx_word' id='word_1_109' title='bbox 1169 2740 1308 2824; x_wconf 84' lang='lat' dir='ltr'>magnis,</span> <span class='ocrx_word' id='word_1_110' title='bbox 1321 2760 1451 2826; x_wconf 90' lang='lat' dir='ltr'>quoque</span> 
     </span>
     <span class='ocr_line' id='line_1_18' title="bbox 322 2843 1452 2932; baseline 0.001 -23"><span class='ocrx_word' id='word_1_111' title='bbox 322 2845 507 2910; x_wconf 87' lang='lat' dir='ltr'>minoribus</span> <span class='ocrx_word' id='word_1_112' title='bbox 530 2849 564 2910; x_wconf 86' lang='lat' dir='ltr'>et</span> <span class='ocrx_word' id='word_1_113' title='bbox 586 2843 767 2932; x_wconf 83' lang='lat' dir='ltr'>fungorum</span> <span class='ocrx_word' id='word_1_114' title='bbox 782 2845 975 2930; x_wconf 86' lang='lat' dir='ltr'>epotheciis.</span> <span class='ocrx_word' id='word_1_115' title='bbox 1001 2845 1197 2930; x_wconf 88' lang='lat' dir='ltr'>Superficies</span> <span class='ocrx_word' id='word_1_116' title='bbox 1209 2846 1349 2911; x_wconf 90' lang='lat' dir='ltr'>interior</span> <span class='ocrx_word' id='word_1_117' title='bbox 1359 2845 1452 2930; x_wconf 82' lang='lat' dir='ltr'>rugis</span> 
     </span>
     <span class='ocr_line' id='line_1_19' title="bbox 322 2951 1450 3036; baseline 0 -20"><span class='ocrx_word' id='word_1_118' title='bbox 322 2952 458 3017; x_wconf 88' lang='lat' dir='ltr'>directis</span> <span class='ocrx_word' id='word_1_119' title='bbox 491 2951 657 3028; x_wconf 83' lang='lat' dir='ltr'>tenuibus,</span> <span class='ocrx_word' id='word_1_120' title='bbox 693 2951 816 3036; x_wconf 89' lang='lat' dir='ltr'>passim</span> <span class='ocrx_word' id='word_1_121' title='bbox 849 2952 943 3017; x_wconf 90' lang='lat' dir='ltr'>rimis</span> <span class='ocrx_word' id='word_1_122' title='bbox 978 2952 1186 3030; x_wconf 77' lang='lat' dir='ltr'>transversis,</span> <span class='ocrx_word' id='word_1_123' title='bbox 1230 2953 1316 3018; x_wconf 88' lang='lat' dir='ltr'>clare</span> <span class='ocrx_word' id='word_1_124' title='bbox 1347 2952 1450 3018; x_wconf 82' lang='lat' dir='ltr'>fusce.</span> 
     </span>
     <span class='ocr_line' id='line_1_20' title="bbox 324 3059 1451 3144; baseline 0.001 -22"><span class='ocrx_word' id='word_1_125' title='bbox 324 3059 483 3124; x_wconf 75' lang='lat' dir='ltr'>Fructum</span> <span class='ocrx_word' id='word_1_126' title='bbox 505 3061 706 3135; x_wconf 89' lang='lat' dir='ltr'>transversa,</span> <span class='ocrx_word' id='word_1_127' title='bbox 739 3059 933 3142; x_wconf 81' lang='lat' dir='ltr'>praesertim</span> <span class='ocrx_word' id='word_1_128' title='bbox 956 3059 1062 3144; x_wconf 88' lang='lat' dir='ltr'>partis</span> <span class='ocrx_word' id='word_1_129' title='bbox 1084 3059 1262 3137; x_wconf 87' lang='lat' dir='ltr'>interioris,</span> <span class='ocrx_word' id='word_1_130' title='bbox 1287 3060 1451 3125; x_wconf 86' lang='lat' dir='ltr'>assulose-</span> 
     </span>
     <span class='ocr_line' id='line_1_21' title="bbox 322 3163 1450 3251; baseline 0.001 -22"><span class='ocrx_word' id='word_1_131' title='bbox 322 3164 454 3242; x_wconf 90' lang='lat' dir='ltr'>librosa,</span> <span class='ocrx_word' id='word_1_132' title='bbox 489 3164 576 3231; x_wconf 84' lang='lat' dir='ltr'>clare</span> <span class='ocrx_word' id='word_1_133' title='bbox 609 3163 713 3230; x_wconf 81' lang='lat' dir='ltr'>fusca.</span> <span class='ocrx_word' id='word_1_134' title='bbox 760 3164 801 3229; x_wconf 96' lang='lat' dir='ltr'>In</span> <span class='ocrx_word' id='word_1_135' title='bbox 836 3164 985 3231; x_wconf 82' lang='lat' dir='ltr'>fructura</span> <span class='ocrx_word' id='word_1_136' title='bbox 1019 3165 1145 3231; x_wconf 89' lang='lat' dir='ltr'>directa</span> <span class='ocrx_word' id='word_1_137' title='bbox 1177 3166 1293 3233; x_wconf 88' lang='lat' dir='ltr'>crebra</span> <span class='ocrx_word' id='word_1_138' title='bbox 1326 3171 1450 3251; x_wconf 90' lang='lat' dir='ltr'>puncta</span> 
     </span>
     <span class='ocr_line' id='line_1_22' title="bbox 322 3271 965 3348; baseline 0 -12"><span class='ocrx_word' id='word_1_139' title='bbox 322 3271 526 3348; x_wconf 85' lang='lat' dir='ltr'>tenuissime,</span> <span class='ocrx_word' id='word_1_140' title='bbox 550 3271 626 3335; x_wconf 84' lang='lat' dir='ltr'>elba</span> <span class='ocrx_word' id='word_1_141' title='bbox 649 3275 682 3336; x_wconf 88' lang='lat' dir='ltr'>et</span> <span class='ocrx_word' id='word_1_142' title='bbox 705 3272 807 3336; x_wconf 83' lang='lat' dir='ltr'>striae</span> <span class='ocrx_word' id='word_1_143' title='bbox 829 3271 965 3337; x_wconf 89' lang='lat' dir='ltr'>nitidae.</span> 
     </span>
    </p>

    <p class='ocr_par' dir='ltr' id='par_1_10' title="bbox 323 3375 1451 3677">
     <span class='ocr_line' id='line_1_23' title="bbox 368 3375 1450 3464; baseline -0.002 -20"><span class='ocrx_word' id='word_1_144' title='bbox 368 3375 512 3445; x_wconf 84' lang='lat' dir='ltr'>Corticis</span> <span class='ocrx_word' id='word_1_145' title='bbox 546 3377 674 3443; x_wconf 85' lang='lat' dir='ltr'>Ghinae</span> <span class='ocrx_word' id='word_1_146' title='bbox 708 3378 934 3463; x_wconf 76' lang='lat' dir='ltr'>importantur</span> <span class='ocrx_word' id='word_1_147' title='bbox 963 3399 1093 3464; x_wconf 90' lang='lat' dir='ltr'>quoque</span> <span class='ocrx_word' id='word_1_148' title='bbox 1116 3377 1269 3456; x_wconf 78' lang='lat' dir='ltr'>frustula,</span> <span class='ocrx_word' id='word_1_149' title='bbox 1295 3378 1450 3458; x_wconf 84' lang='lat' dir='ltr'>„snitsels</span> 
     </span>
     <span class='ocr_line' id='line_1_24' title="bbox 323 3485 1451 3572; baseline 0 -22"><span class='ocrx_word' id='word_1_150' title='bbox 323 3507 364 3550; x_wconf 88' lang='lat' dir='ltr'>en</span> <span class='ocrx_word' id='word_1_151' title='bbox 393 3485 567 3570; x_wconf 88' lang='lat' dir='ltr'>snippers”</span> <span class='ocrx_word' id='word_1_152' title='bbox 591 3506 674 3570; x_wconf 85' lang='lat' dir='ltr'>quae</span> <span class='ocrx_word' id='word_1_153' title='bbox 699 3491 869 3562; x_wconf 85' lang='lat' dir='ltr'>vocentur,</span> <span class='ocrx_word' id='word_1_154' title='bbox 893 3507 978 3572; x_wconf 84' lang='lat' dir='ltr'>quse</span> <span class='ocrx_word' id='word_1_155' title='bbox 999 3486 1149 3551; x_wconf 89' lang='lat' dir='ltr'>adhiberi</span> <span class='ocrx_word' id='word_1_156' title='bbox 1172 3487 1250 3552; x_wconf 89' lang='lat' dir='ltr'>licet</span> <span class='ocrx_word' id='word_1_157' title='bbox 1271 3485 1451 3550; x_wconf 89' lang='lat' dir='ltr'>dummodo</span> 
     </span>
     <span class='ocr_line' id='line_1_25' title="bbox 324 3590 954 3677; baseline 0 -22"><span class='ocrx_word' id='word_1_158' title='bbox 324 3593 459 3677; x_wconf 89' lang='lat' dir='ltr'>pulvere</span> <span class='ocrx_word' id='word_1_159' title='bbox 483 3595 517 3656; x_wconf 90' lang='lat' dir='ltr'>et</span> <span class='ocrx_word' id='word_1_160' title='bbox 539 3591 726 3677; x_wconf 89' lang='lat' dir='ltr'>quisquiliis</span> <span class='ocrx_word' id='word_1_161' title='bbox 749 3590 853 3656; x_wconf 89' lang='lat' dir='ltr'>libera</span> <span class='ocrx_word' id='word_1_162' title='bbox 875 3593 954 3657; x_wconf 89' lang='lat' dir='ltr'>sint.</span> 
     </span>
    </p>

    <p class='ocr_par' dir='ltr' id='par_1_11' title="bbox 322 3698 1451 4320">
     <span class='ocr_line' id='line_1_26' title="bbox 368 3698 1448 3785; baseline 0.002 -23"><span class='ocrx_word' id='word_1_163' title='bbox 368 3698 587 3783; x_wconf 86' lang='lat' dir='ltr'>Microscopia</span> <span class='ocrx_word' id='word_1_164' title='bbox 620 3699 777 3783; x_wconf 86' lang='lat' dir='ltr'>pulveris.</span> <span class='ocrx_word' id='word_1_165' title='bbox 824 3698 952 3777; x_wconf 86' lang='lat' dir='ltr'>Fibrae,</span> <span class='ocrx_word' id='word_1_166' title='bbox 988 3699 1172 3785; x_wconf 82' lang='lat' dir='ltr'>longitudo:</span> <span class='ocrx_word' id='word_1_167' title='bbox 1197 3701 1232 3764; x_wconf 89' lang='lat' dir='ltr'><strong>M</strong></span> <span class='ocrx_word' id='word_1_168' title='bbox 1245 3725 1279 3760; x_wconf 69' lang='grc' dir='ltr'>ε</span> <span class='ocrx_word' id='word_1_169' title='bbox 1293 3701 1390 3777; x_wconf 79' lang='grc'><strong>922,5</strong></span> <span class='ocrx_word' id='word_1_170' title='bbox 1414 3723 1448 3778; x_wconf 83' lang='grc' dir='ltr'>μ,</span> 
     </span>
     <span class='ocr_line' id='line_1_27' title="bbox 324 3805 1450 3892; baseline 0.004 -25"><span class='ocrx_word' id='word_1_171' title='bbox 324 3805 353 3886; x_wconf 86' lang='lat' dir='ltr'>Q</span> <span class='ocrx_word' id='word_1_172' title='bbox 366 3831 400 3866; x_wconf 93' lang='lat'><strong><em>=</em></strong></span> <span class='ocrx_word' id='word_1_173' title='bbox 415 3807 479 3869; x_wconf 83' lang='lat'>120</span> <span class='ocrx_word' id='word_1_174' title='bbox 502 3825 537 3883; x_wconf 83' lang='grc' dir='ltr'>μ;</span> <span class='ocrx_word' id='word_1_175' title='bbox 562 3805 715 3871; x_wconf 78' lang='lat' dir='ltr'>latitudo:</span> <span class='ocrx_word' id='word_1_176' title='bbox 740 3806 775 3869; x_wconf 88' lang='grc' dir='ltr'>Μ</span> <span class='ocrx_word' id='word_1_177' title='bbox 787 3832 822 3865; x_wconf 91' lang='lat'><strong><em>=</em></strong></span> <span class='ocrx_word' id='word_1_178' title='bbox 836 3808 910 3883; x_wconf 91' lang='grc'>68,1</span> <span class='ocrx_word' id='word_1_179' title='bbox 935 3830 970 3884; x_wconf 84' lang='grc' dir='ltr'>μ,</span> <span class='ocrx_word' id='word_1_180' title='bbox 1003 3805 1079 3886; x_wconf 80' lang='lat' dir='ltr'>Q:</span> <span class='ocrx_word' id='word_1_181' title='bbox 1095 3807 1169 3884; x_wconf 81' lang='lat'>10,4</span> <span class='ocrx_word' id='word_1_182' title='bbox 1192 3829 1234 3890; x_wconf 85' lang='grc' dir='ltr'>μ;</span> <span class='ocrx_word' id='word_1_183' title='bbox 1258 3806 1450 3892; x_wconf 89' lang='lat' dir='ltr'>plerumque</span> 
     </span>
     <span class='ocr_line' id='line_1_28' title="bbox 323 3911 1448 3991; baseline 0 -15"><span class='ocrx_word' id='word_1_184' title='bbox 323 3911 592 3977; x_wconf 71' lang='lat' dir='ltr'>extremitatibus</span> <span class='ocrx_word' id='word_1_185' title='bbox 633 3912 756 3991; x_wconf 90' lang='lat' dir='ltr'>acutis;</span> <span class='ocrx_word' id='word_1_186' title='bbox 805 3912 996 3978; x_wconf 89' lang='lat' dir='ltr'>membrana</span> <span class='ocrx_word' id='word_1_187' title='bbox 1036 3913 1214 3978; x_wconf 85' lang='lat' dir='ltr'>admodum</span> <span class='ocrx_word' id='word_1_188' title='bbox 1258 3911 1448 3989; x_wconf 77' lang='lat' dir='ltr'>tumefacta,</span> 
     </span>
     <span class='ocr_line' id='line_1_29' title="bbox 323 4017 1450 4104; baseline -0.001 -20"><span class='ocrx_word' id='word_1_189' title='bbox 323 4019 443 4084; x_wconf 85' lang='lat' dir='ltr'>coloris</span> <span class='ocrx_word' id='word_1_190' title='bbox 473 4040 591 4104; x_wconf 83' lang='lat' dir='ltr'>expers</span> <span class='ocrx_word' id='word_1_191' title='bbox 620 4020 674 4084; x_wconf 88' lang='lat' dir='ltr'>vel</span> <span class='ocrx_word' id='word_1_192' title='bbox 696 4019 784 4085; x_wconf 89' lang='lat' dir='ltr'>clare</span> <span class='ocrx_word' id='word_1_193' title='bbox 808 4019 999 4097; x_wconf 84' lang='lat' dir='ltr'>iuecoflava,</span> <span class='ocrx_word' id='word_1_194' title='bbox 1024 4020 1107 4085; x_wconf 88' lang='lat' dir='ltr'>satis</span> <span class='ocrx_word' id='word_1_195' title='bbox 1128 4019 1236 4086; x_wconf 90' lang='lat' dir='ltr'>crebis</span> <span class='ocrx_word' id='word_1_196' title='bbox 1259 4017 1450 4085; x_wconf 86' lang='lat' dir='ltr'>scrobiculis</span> 
     </span>
     <span class='ocr_line' id='line_1_30' title="bbox 322 4124 1451 4212; baseline -0.001 -21"><span class='ocrx_word' id='word_1_197' title='bbox 322 4124 498 4191; x_wconf 85' lang='lat' dir='ltr'>altioribus</span> <span class='ocrx_word' id='word_1_198' title='bbox 532 4131 566 4190; x_wconf 91' lang='lat' dir='ltr'>et</span> <span class='ocrx_word' id='word_1_199' title='bbox 599 4127 714 4192; x_wconf 88' lang='lat' dir='ltr'>stratis</span> <span class='ocrx_word' id='word_1_200' title='bbox 744 4126 948 4211; x_wconf 82' lang='lat' dir='ltr'>conspicuis3</span> <span class='ocrx_word' id='word_1_201' title='bbox 972 4127 1082 4191; x_wconf 87' lang='lat' dir='ltr'>lumen</span> <span class='ocrx_word' id='word_1_202' title='bbox 1105 4127 1278 4212; x_wconf 82' lang='lat' dir='ltr'>exiguum3</span> <span class='ocrx_word' id='word_1_203' title='bbox 1302 4125 1451 4192; x_wconf 85' lang='lat' dir='ltr'>fasciculi</span> 
     </span>
     <span class='ocr_line' id='line_1_31' title="bbox 323 4231 1450 4320; baseline -0.002 -22"><span class='ocrx_word' id='word_1_204' title='bbox 323 4253 453 4318; x_wconf 89' lang='lat' dir='ltr'>quoque</span> <span class='ocrx_word' id='word_1_205' title='bbox 476 4232 568 4298; x_wconf 88' lang='lat' dir='ltr'>fibris</span> <span class='ocrx_word' id='word_1_206' title='bbox 592 4234 706 4319; x_wconf 85' lang='lat' dir='ltr'>paucis</span> <span class='ocrx_word' id='word_1_207' title='bbox 728 4237 929 4300; x_wconf 87' lang='lat' dir='ltr'>constantes.</span> <span class='ocrx_word' id='word_1_208' title='bbox 972 4231 1119 4299; x_wconf 82' lang='lat' dir='ltr'>Cellulae</span> <span class='ocrx_word' id='word_1_209' title='bbox 1143 4234 1450 4320; x_wconf 83' lang='lat' dir='ltr'>perenchymaticne</span> 
     </span>
    </p>
   </div>
   <div class='ocr_carea' id='block_1_8' title="bbox 0 0 1770 5026">
    <p class='ocr_par' dir='ltr' id='par_1_12' title="bbox 0 0 1770 5026">
     <span class='ocr_line' id='line_1_32' title="bbox 0 0 1770 5026; baseline 0 0"><span class='ocrx_word' id='word_1_210' title='bbox 0 0 1770 5026; x_wconf 95' lang='lat' dir='ltr'> </span> 
     </span>
    </p>
   </div>
  </div>
 </body>
</html>
