3544 5050
842 521 906 582 406

565 823 615 919 -Ι-
649 821 903 941 stigmata
943 819 1103 915 Croci.

800 1024 944 1094 Crocus.

355 1199 521 1284 Stigmata
554 1217 639 1282 quae
674 1195 741 1260 lert
765 1193 928 1261 Crocus
956 1195 1139 1273 sativos,
1176 1194 1277 1259 uras.
1310 1195 1366 1279 Sp.
1393 1195 1440 1258 Pl.

311 1309 363 1383 36,
388 1326 525 1390 parvam
548 1307 678 1390 partem
702 1307 798 1367 terna
821 1302 901 1386 styli
925 1301 1018 1387 apice
1041 1301 1229 1367 coniuncta.

355 1447 495 1532 Singula
517 1446 676 1532 stigmata
699 1444 895 1509 centimetra
919 1445 938 1507 2
962 1443 1005 1508 ad
1028 1445 1049 1507 4
1073 1443 1183 1529 longa,
1208 1465 1309 1528 supra
1332 1465 1444 1509 crassa

309 1555 500 1620 millimetra
523 1551 566 1616 ad
589 1555 619 1630 4,
644 1550 823 1616 admodum
845 1550 1213 1636 extentaobtriangula,
1226 1551 1444 1615 canaliculato

310 1660 500 1737 convoluta,
524 1658 612 1723 unde
635 1657 729 1744 apice
751 1657 806 1720 val
827 1655 1144 1735 infundibuliiormi,
1165 1656 1343 1736 filiformia,
1356 1679 1444 1722 com-

310 1789 433 1853 pressa,
469 1765 680 1842 subcurvata,
717 1765 866 1849 margine
901 1764 1070 1850 superiore
1105 1765 1286 1829 enormiter
1307 1764 1387 1830 fisso
1411 1771 1444 1828 et

312 1874 507 1959 stigmatum
542 1871 676 1956 papillis
711 1871 830 1948 obsito,
866 1870 1006 1937 obscuro
1040 1895 1082 1936 cx
1115 1871 1309 1937 aurantiaco
1339 1870 1442 1946 fusca,

311 1979 557 2066 quodammodo
588 1978 705 2056 nitida,
730 1983 823 2043 tactu
845 1975 1091 2063 quodammodo
1114 1977 1261 2063 pinguia.
1287 1977 1446 2042 Frustula

313 2087 509 2172 stigmatum
536 2086 572 2149 in
596 2107 681 2171 aqua
704 2086 763 2150 vix
784 2085 1017 2164 emollitorum,
1041 2084 1161 2149 deinde
1183 2085 1272 2150 inter
1294 2087 1444 2151 chartam

312 2191 461 2258 bibulam
495 2192 704 2268 siccatorum,
739 2192 775 2254 in
809 2191 895 2256 acidi
930 2191 1082 2258 suliurici
1113 2196 1245 2278 guttam
1278 2193 1444 2270 immersa,

313 2300 427 2364 statim
451 2298 595 2364 colorem
619 2320 782 2384 cyaneum
794 2299 942 2376 trahunt,
955 2299 1012 2384 qui
1023 2299 1185 2384 liquorem
1198 2319 1328 2384 quoque
1340 2297 1446 2364 inficit

315 2411 349 2472 et
371 2410 449 2491 post
471 2407 573 2470 horae
596 2411 725 2490 partem
748 2405 818 2469 fere
841 2406 1056 2470 centesimam
1080 2405 1272 2470 vicesimam
1284 2405 1318 2468 in
1330 2405 1446 2470 rubro-

316 2513 447 2578 fuscum
472 2512 552 2577 abit.

360 2619 453 2684 Odor
474 2618 653 2683 admodum
678 2619 896 2696 aromaticus;
922 2640 1021 2704 sapor
1043 2640 1186 2696 amarus,
1211 2619 1422 2684 aromaticus.

360 2725 536 2811 Stigmatis
560 2724 659 2790 Croci
681 2745 755 2789 cum
779 2746 866 2810 aqua
888 2726 1129 2811 conquassatis,
1149 2727 1260 2811 liquor
1271 2726 1379 2791 clarus
1391 2727 1445 2791 sit.

360 2833 563 2917 Stigmatum
587 2830 686 2896 Croci
708 2832 912 2897 minutorum
937 2833 1218 2918 milligrammatis
1240 2835 1280 2896 10
1293 2853 1446 2898 unacum

316 2961 421 3026 aquae
454 2939 660 3005 centimetris
695 2938 820 3004 cubicis
856 2943 942 3004 1000
972 2940 1052 3004 dum
1080 2939 1243 3004 ebulliant
1266 2938 1445 3018 calefactis,

315 3048 424 3132 liquor
445 3045 664 3132 refrigeratus
688 3047 817 3131 saporis
840 3050 875 3111 et
898 3046 1010 3112 odoris
1023 3047 1068 3112 sit
1080 3046 1252 3112 evidenter
1264 3046 1446 3124 aromatici,

282 3205 284 3208 .
317 3153 438 3218 coloris
472 3153 559 3217 clarc
592 3153 681 3231 flavi,
705 3153 854 3238 quinon
877 3153 987 3216 minus
1010 3153 1142 3218 validus
1166 3154 1211 3218 sit
1233 3175 1333 3239 quam
1357 3154 1449 3219 color

316 3259 534 3324 bichromatis
557 3259 658 3324 kalici
681 3259 987 3345 milligrammatum
1012 3263 1054 3325 50
1074 3260 1110 3324 in
1126 3282 1230 3346 aquae
1243 3261 1448 3326 centimetris

318 3367 443 3434 cubicis
468 3369 553 3432 1000
577 3367 772 3431 solutorum.

363 3473 531 3559 Stigmata
555 3472 662 3551 Croci,
676 3473 795 3538 caloris
807 3473 913 3559 gradu
931 3475 1010 3538 100⁰
1022 3475 1154 3552 siccata,
1168 3475 1325 3560 ponderis
1337 3480 1448 3559 partes

318 3577 516 3644 centesimas
547 3599 588 3642 ne
619 3579 816 3664 plusquam
842 3581 882 3642 12
906 3581 1074 3646 amittant.
1122 3581 1306 3648 Combusta
1329 3581 1449 3647 cineris

320 3690 431 3770 partes
454 3685 652 3750 contesimas
675 3707 717 3750 nc
739 3685 814 3770 plus
838 3708 936 3771 quam
962 3691 981 3752 6
1004 3687 1203 3774 relinquant.

365 3819 395 3882 A
426 3819 519 3883 lucc
554 3824 721 3884 remota
755 3826 1002 3885 serventur.

786 4109 989 4119 ...man——
