3466 5038
877 517 919 581 62

330 711 464 796 Europa
485 709 635 776 Ocntrali
656 717 690 777 et
710 710 921 775 Meridioneli
940 709 1093 794 dispcrsa
1104 709 1223 773 vivunt
1236 713 1270 773 et
1280 708 1461 772 ibiinexa-

328 817 418 880 mina
436 817 615 883 coniuncta
633 816 669 880 in
681 816 785 894 silvia,
798 816 963 902 imprimis
974 817 1010 881 in
1024 815 1174 882 Olcaccis
1186 815 1329 880 inveniri
1340 814 1459 880 solent.

374 1029 494 1096 Colore
518 1035 596 1095 aunt
619 1029 725 1094 nitide
748 1029 858 1108 viridi,
884 1029 941 1116 qui
965 1029 1152 1094 caeruleum
1174 1027 1334 1114 refulget3
1358 1027 1461 1092 centi-

328 1142 472 1201 metrum
498 1140 549 1214 l‚5
574 1137 616 1200 ad
641 1139 693 1213 2‚5
717 1137 817 1222 longa
840 1142 929 1213 sunt,
954 1137 1024 1200 lata
1035 1134 1355 1200 millimetrabadS.
1369 1132 1461 1198 Odor

328 1243 451 1330 gravis,
465 1243 629 1328 proprius.
645 1241 756 1328 Caput
767 1248 844 1328 post
857 1244 971 1308 oculos
980 1243 1155 1328 prominet,
1165 1264 1283 1328 rugam
1291 1241 1459 1319 directam,

326 1350 582 1427 altamcxhibat,
597 1349 709 1415 subito
721 1350 757 1414 in
768 1348 891 1414 collum
902 1355 1112 1414 extenuatur.
1126 1350 1314 1413 Prothorax
1324 1347 1461 1434 angulo-

327 1479 384 1522 sus
407 1479 493 1543 ponc
517 1462 727 1535 extenuatur,
752 1458 879 1521 sulcum
892 1462 1122 1521 transversum
1134 1455 1279 1520 exhibet.
1305 1453 1416 1539 Caput
1427 1459 1462 1518 ct

328 1563 511 1648 prothorax
542 1563 654 1628 densis
682 1563 815 1648 punctis
838 1563 995 1628 tenuibus
1018 1560 1128 1626 obsita
1151 1567 1240 1627 sunt.
1286 1562 1461 1626 Antennae

328 1669 487 1734 obscurae
511 1675 599 1748 sunt,
624 1669 707 1735 satis
730 1670 860 1756 longae,
883 1669 1066 1746 filiformea,
1084 1669 1234 1734 articulis
1252 1671 1303 1745 11,
1321 1689 1461 1753 quorum

326 1783 494 1843 extremus
518 1778 653 1842 conicus
677 1782 738 1842 ast.
778 1777 897 1862 Elytra
919 1797 1042 1861 rugosa
1065 1780 1153 1853 sunt,
1177 1775 1346 1840 nonnullis
1369 1774 1461 1838 striis

328 1883 472 1961 directis,
498 1883 732 1960 eminentibus,
756 1883 880 1968 aequis,
894 1882 1059 1948 tenuibus.
1073 1882 1170 1946 Tarsi
1184 1881 1326 1958 obscuri,
1342 1881 1461 1966 ungui·

328 1991 411 2055 culis
443 1989 612 2074 bipertitis
642 2009 747 2074 usquc
778 1989 821 2053 ad
843 1988 950 2066 basin,
975 2010 1116 2074 quorum
1140 1993 1252 2074 partes
1275 1987 1461 2072 superiores

328 2096 545 2162 inferioribus
569 2096 747 2162 crassiores
769 2101 858 2160 sunt.

373 2201 595 2268 Cantharides
618 2203 770 2289 integrae
792 2203 870 2280 sint,
894 2224 963 2267 non
986 2222 1149 2267 corrosae.

371 2309 485 2374 Pulvis
520 2307 764 2374 Cantharidum
786 2309 1010 2375 cantharidini
1031 2309 1202 2374 contineat
1224 2308 1330 2393 partis
1352 2311 1462 2371 cente-

328 2415 430 2480 simae
454 2415 598 2480 decimas
623 2415 642 2478 6
666 2414 709 2478 ad
733 2417 753 2478 8
776 2416 845 2498 (0,6
869 2415 913 2480 ad
936 2418 1014 2500 0,8),
1038 2416 1073 2480 id
1092 2415 1180 2502 quod
1195 2415 1244 2480 ita
1255 2415 1417 2480 statuitur
1427 2421 1462 2479 et

329 2527 550 2606 temperatur:
576 2519 728 2586 Pulveris
751 2521 841 2607 (Bac)
855 2519 1098 2588 Cantharidum
1109 2527 1294 2609 grammata
1308 2524 1348 2585 25
1361 2520 1461 2586 misce

328 2627 545 2693 chloroiormi
556 2627 762 2692 centimetris
775 2627 899 2694 cubicis
913 2632 977 2694 100
990 2633 1024 2695 61
1036 2629 1169 2715 agitans
1180 2629 1234 2693 his
1241 2627 1368 2694 instilla
1376 2626 1462 2691 acidi

330 2733 579 2818 hydrochlorici
593 2733 792 2798 centimetra
804 2734 919 2800 cubica
932 2739 962 2800 2.
976 2737 1083 2800 Mixta
1094 2735 1288 2820 frequenter
1301 2753 1461 2818 conquas-

328 2862 406 2906 sans
430 2861 489 2924 per
511 2841 612 2906 horas
637 2843 678 2903 12
702 2861 844 2926 sepone;
865 2841 1065 2907 solutionem
1077 2841 1293 2906 chloroiormi
1304 2839 1460 2905 filtrando

327 2946 454 3032 collige,
468 2967 547 3010 cura
571 2946 689 3011 habita
710 2953 749 3011 ut
773 2969 873 3032 quam
897 2948 1071 3013 minimum
1084 2954 1293 3033 evaporatur,
1304 2945 1462 3011 volumen

331 3057 442 3118 statue
466 3053 537 3118 cius
560 3053 746 3130 solutionis,
759 3053 854 3119 ouius
877 3055 1073 3119 centimetra
1096 3053 1210 3118 cubica
1226 3053 1462 3118 toonvcniunt

331 3181 407 3225 cum
430 3159 576 3244 pulveris
592 3165 777 3244 grammate
790 3165 819 3224 1.
834 3159 1106 3226 Chloroformum
1116 3159 1317 3226 destillando
1328 3179 1462 3223 remove

332 3270 464 3350 praeter
482 3267 715 3332 centimetrum
732 3267 885 3332 cubicum
898 3271 915 3330 1
929 3266 972 3332 ad
985 3269 1015 3346 2;
1029 3289 1112 3352 quae
1125 3272 1333 3351 supererunt,
1346 3265 1461 3331 statim

331 3393 500 3450 conversa,
520 3373 665 3438 aetheris
684 3373 826 3458 petrolci
848 3374 1053 3439 centimetris
1072 3373 1196 3439 cubicis
1213 3371 1390 3457 dperfusa,
1403 3393 1462 3456 per

331 3479 431 3544 horas
460 3479 648 3557 nonnullas,
680 3479 874 3565 frequenter
902 3501 1137 3565 conquassans,
1168 3498 1307 3564 sepone;
1335 3477 1463 3564 liquore

329 3585 449 3651 (161666
470 3587 592 3651 iterum
614 3586 687 3651 elue
710 3588 855 3653 aetheris
870 3586 1011 3672 petrolei
1021 3587 1226 3652 centimetris
1237 3585 1360 3651 cubicis
1372 3583 1463 3648 dein-

331 3712 408 3776 ceps
428 3696 447 3757 5
471 3698 506 3757 ct
528 3694 564 3771 43
581 3692 724 3778 denique
743 3694 877 3759 aethere
896 3693 1036 3778 petrolei
1055 3691 1250 3758 adhaerenti
1268 3691 1336 3756 leni
1353 3691 1462 3755 calore

329 3804 468 3876 remoto,
477 3799 681 3884 crystallina,
691 3822 776 3885 quae
787 3806 994 3886 superenmt,
1007 3821 1112 3886 aquae
1124 3798 1328 3865 centimetris
1339 3796 1463 3862 cubicis

333 3909 351 3968 5
376 3911 409 3968 et
432 3904 622 3970 carbonatis
645 3907 822 3971 ammonici
834 3907 942 3992 guttis
955 3908 975 3970 2
986 3906 1094 3971 ablue.
1108 3907 1171 3971 Per
1181 3907 1298 3970 horam
1311 3908 1328 3967 1
1342 3903 1462 3969 caloris

331 4011 439 4097 gradu
474 4011 554 4076 100⁰
585 4012 681 4090 sicca,
713 4013 835 4078 siccata
864 4013 1027 4098 refrigera
1048 4013 1084 4076 in
1107 4011 1319 4088 exsiccatore,
1343 4008 1462 4074 deinde

332 4118 490 4202 pondera.

354 4222 632 4290 Cantharidinum
651 4231 815 4291 secretum
833 4225 1064 4312 crystallinum
1082 4223 1128 4290 sit
1145 4244 1327 4310 parumque
1338 4221 1465 4288 colora-
