3582 5034
824 512 888 575 352

334 705 524 790 Salicylatis
543 705 715 790 methylici
734 708 967 771 centimetrum
987 707 1139 772 cubicum
1153 711 1170 770 1
1185 707 1214 773 si
1224 711 1419 792 quassatum

287 813 322 875 in
356 812 533 877 solutionis
559 811 711 896 hydratis
735 815 854 879 natrici
878 815 1074 878 centimetra
1098 815 1213 880 cubica
1236 817 1257 877 4
1280 815 1420 879 instilla-

288 923 353 996 tur,
366 918 545 1004 deponitur
560 920 814 1004 praecipitatum
834 919 1075 1005 crystallinum,
1089 920 1210 998 album,
1225 921 1420 1006 spatiosum,

287 1025 386 1110 quod,
422 1025 549 1110 liquore
584 1025 620 1088 in
656 1025 773 1091 balneo
804 1048 908 1112 aquae
939 1026 1109 1105 calefacto,
1134 1032 1244 1093 totum
1267 1029 1419 1093 solvitur.

287 1130 405 1195 Soluta
435 1131 483 1195 ita
506 1136 622 1214 parata
644 1133 714 1197 sint
737 1133 835 1210 clara,
860 1133 980 1198 coloris
1004 1134 1154 1220 expertia
1177 1135 1230 1198 vel
1253 1134 1418 1211 subflava;

288 1237 353 1301 olei
375 1243 490 1322 guttae
514 1238 710 1324 conspicuae
734 1261 775 1304 ne
798 1240 876 1304 sint.

749 1445 954 1457 m

547 1569 840 1691 Salicylas
887 1573 1157 1666 natrices.

676 1730 1021 1816 edomemus.

329 1853 493 1940 Squanm
513 1854 734 1940 crystallinae,
759 1855 880 1920 coloris
903 1861 1057 1940 expertes
1081 1856 1135 1920 vel
1159 1854 1229 1920 iere
1253 1860 1415 1940 expertes,

287 1961 388 2026 odore
407 1967 566 2038 carentes,
590 1981 684 2046 quae,
708 1983 783 2026 cum
807 1961 971 2039 calefiunt,
995 1961 1419 2047 vaporesphenolumcon·

286 2067 432 2131 tinentes
469 2066 660 2131 emittentes
695 2065 937 2132 comburuntur
970 2074 1005 2132 et
1038 2068 1181 2133 cinerem
1225 2067 1418 2152 relinquunt

286 2173 429 2238 carbone
451 2173 603 2250 mixtum,
627 2173 685 2258 qui
708 2174 857 2239 chartam
881 2174 1137 2259 exploratoriam
1149 2173 1295 2250 rubram,
1308 2172 1418 2236 made-

286 2279 410 2344 factam
443 2279 555 2344 reddit
588 2279 782 2358 caeruleam,
818 2280 986 2345 flammam
1016 2302 1084 2344 non
1114 2279 1279 2344 lucentem
1302 2279 1417 2343 statim

286 2387 395 2451 colore
419 2385 515 2450 valde
538 2385 626 2451 flavo
649 2386 764 2464 inficit,
784 2387 916 2472 quique,
928 2386 1043 2452 addito
1055 2385 1150 2450 acido
1163 2384 1416 2470 hydrochlorico

286 2494 401 2570 diluto,
426 2492 620 2559 effervescit.
646 2493 808 2580 Salieylas
831 2494 978 2559 natricus
1002 2493 1035 2556 in
1054 2514 1158 2579 aquae
1177 2492 1416 2578 partibus0,83

285 2605 319 2664 et
341 2601 376 2663 in
399 2599 537 2684 spiritus
560 2600 710 2684 partibus
735 2603 788 2679 4,3
812 2600 962 2666 solvitur.

330 2705 491 2790 Salicylas
513 2706 670 2784 natricus,
694 2706 730 2770 in
752 2729 837 2792 equa
859 2707 894 2789 (1
912 2733 946 2765 =
965 2707 1021 2789 10)
1043 2706 1183 2783 solutus,
1195 2703 1310 2769 addito
1321 2702 1416 2767 acido

284 2811 539 2897 hydrochlorico
558 2813 675 2891 diluto,
696 2813 854 2899 crystalla
865 2813 1016 2891 secernit,
1030 2812 1161 2897 quaein
1172 2812 1306 2876 aethere
1318 2809 1416 2875 facile

285 2920 470 2986 solvuntur.
495 2919 557 2983 Vel
578 2921 613 2983 in
636 2941 722 3006 aqua
744 2921 951 3005 (1:1000)
973 2920 1111 2997 solutus,
1131 2918 1246 2983 addito
1266 2917 1415 2982 chloreto

284 3024 416 3104 ferrico,
442 3026 607 3090 violaceus
630 3027 678 3090 lit.
766 3082 771 3090 .

330 3133 492 3217 Salicylas
515 3133 674 3210 natrices,
699 3134 734 3197 in
757 3154 842 3218 aqua
865 3135 897 3218 (1
914 3159 947 3193 =
962 3135 997 3216 5)
1015 3154 1130 3197 recens
1142 3131 1281 3209 solutus,
1295 3130 1412 3208 clarus,

283 3239 404 3307 coloris
437 3261 565 3324 expers,
600 3239 751 3304 neutrius
784 3239 962 3304 reectionis
996 3239 1041 3304 sit
1067 3238 1120 3302 vel
1142 3242 1274 3302 tantum
1296 3237 1413 3302 leviter

283 3345 406 3410 acidae.
452 3345 578 3410 Addito
613 3345 708 3411 acido
742 3345 1022 3432 hydrosulfurico‚
1047 3344 1190 3431 speciem
1220 3366 1263 3408 ne
1294 3349 1367 3410 mut
1387 3349 1410 3408 t.

282 3451 324 3515 In
357 3473 444 3537 aqua
476 3454 509 3537 (1
528 3479 562 3512 :
580 3453 637 3535 20)
659 3453 761 3518 soluti
783 3453 979 3518 centimetra
1001 3453 1116 3517 cubica
1139 3455 1170 3537 5,
1194 3451 1280 3515 acidi
1302 3450 1413 3515 nitrici

282 3560 478 3624 centimetro
502 3559 618 3624 cubico
644 3565 716 3625 let
739 3561 876 3645 spiritus
888 3559 1093 3626 centimetris
1105 3557 1229 3623 cubicis
1244 3561 1284 3621 10
1296 3557 1411 3633 mixta,

282 3664 397 3730 addito
420 3667 543 3731 nitrate
567 3667 718 3752 berytico
741 3667 794 3731 vel
817 3668 940 3732 nitrate
962 3665 1142 3750 argentico,
1156 3665 1244 3729 clara
1266 3663 1335 3727 sint
1354 3683 1413 3748 per

283 3773 384 3837 horae
406 3777 536 3858 partem
560 3795 627 3837 non
651 3773 761 3838 minus
783 3795 882 3859 quam
906 3772 1144 3837 duodecimam.

326 3878 517 3963 Salicylatis
551 3879 671 3944 nutrici
702 3879 971 3964 milligrammata
1004 3882 1068 3943 100
1091 3879 1126 3942 in
1150 3877 1237 3942 acidi
1259 3875 1411 3940 sulfurici

280 3984 477 4050 centimetro
512 3984 627 4049 cubico
665 3989 682 4047 1
718 3985 892 4050 solvantur
917 4007 984 4048 non
1009 3983 1267 4050 effervescentia.
1293 3981 1410 4046 Soluta

279 4091 368 4156 intra
391 4092 492 4156 horae
516 4095 644 4175 partem
668 4091 898 4156 duodecimam
921 4113 963 4155 ne
986 4091 1187 4157 colorentur.
