3584 5026
900 467 963 530 253

406 665 552 731 Nitrstis
575 663 677 731 kulici
699 663 820 727 leniter
831 660 1019 727 candefacti
1031 683 1181 746 grummo
1195 666 1211 725 1
1230 661 1264 724 in
1276 684 1381 747 aquae
1393 664 1496 728 centi-

361 774 475 838 metris
506 771 631 838 cubicis
663 773 705 835 20
737 768 893 847 solutum,
922 767 1009 832 ucidi
1032 766 1144 833 uitrici
1166 768 1274 852 guttis
1299 769 1318 833 5
1342 769 1484 835 mixtum

360 880 474 945 addito
498 879 622 944 nitrete
646 876 828 962 urgenticO,
853 897 913 961 per
932 875 1033 939 horse
1052 879 1181 960 purtem
1193 897 1261 939 non
1274 876 1384 940 minus
1395 899 1495 961 quum

360 986 590 1051 duodecimam
612 985 739 1051 clerum
762 983 808 1049 sit
830 982 1079 1070 (perchlorateo,
1104 983 1271 1068 chloreta).

828 1208 1032 1220 ——n——n-n—-n—

595 1380 644 1479 -Ι-
680 1384 868 1477 Mitras
907 1384 1177 1477 octricus

854 1560 999 1646 NcN03.

403 1703 637 1769 Rhomboedru
676 1703 797 1768 coloris
832 1702 990 1787 expertia,
1027 1701 1206 1786 perlucido,
1242 1703 1492 1788 hygroscopicc.

360 1812 476 1877 Nitres
499 1811 647 1875 nutricus
672 1811 707 1873 in
730 1831 835 1894 aquae
854 1809 1006 1894 partibus
1027 1812 1079 1887 1,2
1099 1813 1133 1873 et
1146 1809 1180 1872 in
1192 1809 1330 1894 spiritus
1342 1810 1494 1895 portibus

361 1921 435 1996 65,2
459 1917 611 1984 solvitur.

402 2024 517 2089 Nitras
537 2024 685 2089 notricus
703 2022 871 2086 flammam
891 2045 959 2086 non
970 2021 1135 2087 lucentem
1147 2025 1261 2087 stetim
1273 2024 1382 2089 colore
1397 2025 1492 2089 valde

359 2131 447 2196 flavo
471 2131 594 2209 inficit3
618 2130 764 2195 Nitretis
787 2129 907 2194 nutrici
930 2129 965 2192 in
988 2151 1074 2214 equs
1097 2132 1130 2214 (1
1146 2157 1180 2189 :
1195 2131 1251 2212 20)
1275 2131 1375 2195 soluti
1388 2132 1492 2196 centi-

359 2238 474 2303 metris
497 2238 622 2303 cubicis
647 2240 676 2317 3,
701 2237 788 2302 ccidi
811 2235 963 2302 sulfurioi
980 2236 1491 2315 centimetriscubicis3mixtis,

358 2344 491 2410 suffetis
514 2344 635 2408 terrosi
657 2347 691 2428 (l
706 2371 740 2404 :
753 2345 789 2428 3)
800 2343 1005 2409 centimetris
1016 2343 1141 2408 cubicis
1153 2345 1173 2407 3
1186 2343 1368 2428 prudenter
1379 2365 1492 2430 super-

359 2450 531 2536 impositis,
555 2455 698 2516 strstum
721 2450 850 2516 confine
873 2449 1103 2534 fusconigrum
1126 2455 1186 2514 est.

402 2556 1489 2643 Nitrotisnutricigrcmmul,odditisociditorturicigremmetel

359 2668 393 2728 et
422 2686 527 2750 oquae
555 2665 761 2730 centimetris
792 2663 916 2728 cubicis
941 2664 970 2741 5,
994 2663 1157 2749 liquorem
1180 2663 1305 2728 clarum
1324 2665 1491 2749 praebeat.
1583 2647 1593 2662 ⁸

403 2771 520 2835 Nitros
550 2771 698 2836 octricus
729 2771 764 2835 in
793 2793 879 2856 eque
901 2773 934 2854 (1
950 2797 983 2831 :
998 2772 1055 2854 20)
1078 2770 1207 2835 solutus
1230 2770 1348 2850 clerus,
1372 2772 1492 2837 coloris

359 2897 485 2961 expers,
521 2878 672 2942 neutrius
706 2877 885 2942 reoctionis
919 2877 964 2941 sit
997 2898 1082 2941 neve
1112 2876 1228 2941 addito
1250 2877 1345 2942 acido
1369 2879 1491 2964 hydro·

358 2983 519 3049 sulfurico
538 3005 621 3048 neve
637 2983 870 3070 sulfohydrote
881 2984 1067 3048 ommonico
1080 3005 1162 3048 neve
1174 2983 1352 3050 corbonete
1364 2987 1491 3050 notrico

359 3111 442 3154 neve
464 3089 588 3155 nitrote
611 3090 764 3176 barytico
788 3091 931 3176 speciem
956 3094 1072 3155 mutet.
1169 3164 1171 3170 ¹

402 3195 548 3260 Nitrutis
581 3197 702 3262 notrici
735 3197 856 3262 leniter
878 3195 1067 3262 condefucti
1101 3219 1250 3281 grummo
1287 3202 1302 3261 1
1329 3197 1363 3260 in
1386 3219 1491 3282 oquae

359 3303 563 3368 centimetris
586 3303 710 3370 cubicis
733 3306 774 3367 20
795 3304 951 3381 solutum,
965 3303 1051 3368 ccidi
1063 3303 1175 3368 nitrici
1186 3304 1292 3390 guttis
1306 3307 1325 3368 5
1338 3303 1489 3380 mixtum,

358 3409 472 3474 addito
495 3411 618 3475 nitrote
641 3411 822 3496 argentine,
848 3432 907 3496 per
931 3411 1031 3476 horus
1048 3415 1177 3495 partem
1189 3432 1256 3475 non
1269 3411 1379 3475 minus
1391 3432 1490 3495 quom

358 3515 584 3582 duodecimum
607 3517 732 3583 clerum
756 3519 800 3583 sit
822 3519 1063 3602 (perohlorotes,
1088 3518 1255 3602 chloreta).

402 3621 547 3687 Nitrctis
577 3624 697 3690 notrici
727 3625 761 3688 in
788 3647 874 3710 equa
897 3628 930 3709 (1
946 3651 980 3684 =
995 3626 1029 3708 5>
1053 3625 1163 3702 soluti,
1188 3644 1248 3709 per
1269 3623 1401 3688 acidum
1424 3624 1490 3688 sul-

358 3726 502 3794 furicum
536 3730 679 3795 dilutum
713 3731 799 3796 acidi
834 3730 926 3810 facti,
961 3731 1166 3797 centimetris
1201 3730 1325 3796 cubicis
1361 3734 1379 3794 5
1414 3753 1490 3796 cum

358 3834 573 3900 chloroformi
591 3837 787 3902 centimetro
806 3837 921 3903 cubico
936 3841 952 3900 1
966 3837 1205 3923 conquassatis,
1218 3835 1487 3914 chloroformum,

356 3963 398 4005 ne
416 3963 503 4026 equo
519 3942 793 4027 hydrosulfurots
811 3943 944 4029 quidem
964 3965 1047 4008 neve
1059 3965 1145 4028 aqua
1157 3943 1306 4008 chlorotc
1318 3943 1487 4020 instillata,

359 4047 525 4113 coloretur
546 4050 691 4133 (iodateS,
717 4051 832 4129 ecdem,
857 4051 1023 4134 brometa).
