3582 5034
872 517 937 578 300

339 713 467 797 saporis
495 732 621 796 expers,
647 710 703 794 qui
727 731 831 794 aquae
855 707 926 773 fers
949 708 1034 772 nihil
1057 707 1145 773 aedit
1168 715 1211 786 et,
1236 707 1351 772 addito
1374 709 1469 774 acido

339 817 593 904 hydroehlorieo
623 817 730 881 diluto
761 815 814 880 vel
838 815 933 881 saido
956 815 1077 880 uitrico
1101 814 1219 893 dilut0,
1243 837 1312 880 uon
1335 815 1468 880 efferve-

339 945 443 1002 scens,
467 924 627 1008 liquorem
652 923 789 1009 praebet
811 922 947 1000 clarum,
972 921 1092 986 eoloris
1116 927 1295 1007 expertem.

384 1032 556 1116 Phosphas
579 1030 718 1095 calcians
741 1051 898 1093 unacum
910 1029 1004 1094 acido
1016 1029 1141 1094 aestiuo
1153 1029 1342 1107 calefactus,
1355 1028 1470 1094 addito

339 1138 471 1202 exalete
493 1137 690 1214 ammoniae,
714 1136 968 1221 praecipitatum
991 1135 1102 1201 album
1126 1135 1272 1221 deponit.

384 1244 557 1328 Phosphas
591 1243 741 1319 celticus,
778 1243 900 1306 nitrate
933 1243 1104 1328 argentiue
1127 1241 1343 1320 madefactus,
1367 1242 1471 1308 mixta

339 1351 475 1435 praebet
486 1349 584 1427 flava,
604 1371 689 1434 quae
701 1350 850 1414 ehautam
864 1350 1122 1435 exploratoriam
1133 1349 1316 1414 caeruleam
1327 1349 1472 1414 reddunt

339 1457 485 1522 rubram.

385 1564 557 1648 Phosphas
580 1562 729 1640 aaleieus,
754 1561 986 1647 sulfohydrate
1001 1563 1188 1628 ammoniae
1201 1561 1417 1642 madefactus,
1429 1584 1472 1627 ne

340 1670 544 1735 obscuretur.

384 1776 556 1861 Phosphas
586 1775 726 1842 eaieieua
748 1797 807 1860 per
829 1775 960 1841 aeidum
983 1775 1140 1841 uitricum
1163 1775 1306 1840 dilutum
1329 1776 1364 1840 in
1387 1797 1471 1861 aqua

337 1885 492 1965 (1:40)
511 1883 649 1960 solutus,
669 1883 783 1948 addito
795 1883 918 1948 nitrate
930 1882 1080 1966 berytieo
1092 1882 1279 1948 velnitrate
1290 1883 1470 1967 argentiue,

338 1990 446 2054 clarus
470 1991 514 2054 sit
537 2012 596 2075 per
619 1991 719 2054 horae
732 1995 859 2076 partem
872 2011 940 2054 uon
952 1989 1062 2053 minus
1074 2010 1174 2074 quam
1186 1989 1426 2074 sexagesimam
1441 1993 1470 2053 1.

384 2096 453 2160 Gaz
487 2096 596 2161 oriens
620 2118 637 2160 e
660 2096 747 2161 zinci
767 2095 877 2161 frusto
899 2101 1056 2180 reagente
1079 2097 1114 2159 in
1137 2097 1338 2182 Phosphatis
1360 2096 1472 2162 aaleiei

339 2224 490 2288 gramma
526 2207 543 2266 1
579 2202 615 2265 in
649 2201 734 2267 acidi
769 2202 1013 2287 hydroehlorici
1048 2203 1254 2268 centimetris
1280 2203 1405 2269 cubicis
1431 2206 1471 2267 10

339 2309 485 2374 solutum
496 2309 645 2373 chartam
658 2309 814 2386 bibulam,
827 2308 976 2374 chloreto
988 2309 1228 2394 hydrargyrieo
1240 2308 1470 2386 madefactam,

338 2415 459 2480 flavam
483 2439 525 2479 ne
549 2416 667 2480 reddat
690 2416 779 2480 intra
802 2417 902 2480 horae
924 2421 1051 2499 partem
1074 2421 1237 2500 quartam.

384 2522 557 2607 Phosphas
590 2523 730 2587 ealeieus
763 2518 978 2586 candefactus
1011 2520 1168 2605 ponderis
1202 2520 1336 2584 amittat
1358 2526 1470 2606 partes

338 2629 535 2694 centesimas
561 2631 635 2706 25,0
659 2628 701 2692 ad
722 2631 814 2706 26,5;
838 2648 923 2713 quae
946 2632 1152 2712 supererunt,
1176 2647 1258 2713 pure
1282 2627 1357 2692 alba
1380 2627 1458 2691 sint.

804 2830 1005 2844 ..--q———·=—-

520 2978 570 3075 ÷
605 2982 890 3100 Phosphas
939 2981 1210 3075 natrices.

741 3139 1069 3226 stupuisse.

385 3265 549 3329 Prismata
583 3265 703 3331 coloris
737 3265 895 3350 expertia,
931 3264 1108 3350 perlucida,
1145 3266 1361 3344 menoelinia;
1396 3288 1471 3330 aere

340 3371 437 3437 facile
471 3371 642 3449 fatiscunt,
678 3393 744 3456 quo
767 3371 857 3438 facto
885 3371 1054 3456 perlucida
1077 3393 1148 3436 esse
1171 3372 1339 3451 desinunt,
1363 3373 1471 3438 calore

339 3502 458 3564 uquam
490 3479 687 3543 exsudantis
719 3478 917 3563 liquescunt.
941 3478 1115 3563 Phosphas
1138 3479 1286 3544 natrieus
1309 3479 1343 3542 in
1367 3501 1471 3565 aquae

340 3585 491 3670 partibus
516 3585 533 3650 7
558 3585 709 3662 solvitur,
734 3585 769 3648 in
793 3584 913 3670 spiritu
936 3607 1004 3648 non
1028 3584 1179 3649 solvitur.

384 3692 559 3777 Phosphas
582 3693 729 3756 natu-isus
752 3691 919 3755 flammam
943 3714 1012 3755 non
1034 3692 1199 3757 lucentem
1224 3693 1338 3757 statim
1362 3692 1471 3756 colore

339 3796 435 3860 valde
457 3797 672 3863 flavoinfieit.
697 3797 738 3861 In
753 3801 883 3883 aqua(1
903 3826 936 3858 =
955 3803 1011 3882 20)
1023 3801 1152 3863 solutus
1163 3799 1342 3864 reactionis
1353 3799 1472 3863 leviter

339 3903 497 3968 alcaliuas
517 3910 587 3984 est;
610 3904 725 3969 addito
744 3905 868 3969 nitrate
890 3907 1070 3992 argentias,
1082 3907 1335 3991 praecipitatum
1347 3905 1470 3970 flavum

340 4011 486 4096 deponit,
522 4013 618 4078 simui
654 4013 762 4098 liquor
795 4013 973 4078 reaetionis
1002 4013 1115 4078 acidae
1141 4014 1189 4078 fit.
1215 4013 1470 4098 Praecipitatum

340 4117 473 4197 flavum,
509 4120 635 4205 liquore
669 4119 839 4198 calefacta,
867 4120 998 4185 fuscum
1022 4144 1063 4184 ne
1087 4122 1152 4200 fiat,
1177 4123 1212 4184 in
1235 4121 1328 4185 acido
1351 4119 1470 4184 uitrico

341 4229 374 4289 et
397 4225 432 4289 in
455 4228 621 4292 ammonia
644 4228 803 4292 solvatur.
