3530 5026
892 458 934 518 82

345 653 495 718 chartam
526 652 785 738 exploratoriam
815 650 1036 716 madefactam
1063 674 1131 716 non
1154 651 1331 730 decoloret,
1357 652 1476 718 deinde

345 764 563 845 evaporatum
579 760 652 836 erit,
664 758 807 836 residuo,
821 759 857 822 in
868 760 1039 844 pulverem
1050 758 1195 837 redacto,
1209 780 1363 825 unacum
1374 781 1478 845 aquae

345 867 551 933 centimetris
573 867 698 933 cubicis
715 869 766 944 20,
780 865 974 952 frequenter
985 871 1151 951 quassato,
1164 888 1224 952 per
1235 867 1336 932 borae
1349 873 1476 952 purtem

319 983 322 990 '
346 971 518 1038 dimidiam
543 973 663 1040 caloris
686 973 793 1058 gradu
816 974 875 1038 60⁰
896 973 940 1037 ad
963 975 1042 1038 65um
1065 972 1236 1052 calefacto,
1258 978 1330 1038 tum
1353 974 1475 1052 mixtis,

346 1079 554 1166 refrigeratis
587 1085 629 1158 et,
663 1080 856 1166 frequenter
890 1080 1063 1166 quassatis,
1099 1101 1158 1165 per
1191 1080 1291 1145 horas
1315 1084 1334 1144 2
1358 1081 1476 1146 caloris

346 1187 454 1273 gradu
474 1189 531 1252 15⁰
548 1187 698 1266 retentis,
718 1187 860 1273 denique
875 1209 935 1273 per
946 1188 1055 1253 lanam
1067 1188 1208 1251 vitream
1219 1187 1363 1265 filtratis,
1375 1187 1477 1252 filtra·

347 1299 458 1359 torum
488 1293 684 1360 centimetra
713 1293 828 1360 cubica
859 1299 888 1372 5,
919 1294 1044 1359 additis
1066 1294 1252 1358 ammoniae
1274 1295 1477 1360 centimetris

347 1400 471 1467 cubicis
498 1403 551 1479 4,5
575 1401 694 1467 caloris
717 1401 842 1487 gradus
866 1404 930 1479 15¹,
953 1402 1114 1486 liquorem
1138 1400 1319 1486 praebeant
1341 1401 1475 1466 clarum.

393 1507 575 1574 Chininum
608 1509 727 1574 caloris
761 1491 979 1596 grodu'1000
1002 1509 1161 1573 siccatum
1191 1507 1349 1593 ponderis
1372 1507 1476 1593 partis

347 1614 545 1680 centesimae
566 1637 609 1680 ne
632 1617 707 1700 plus
730 1637 829 1701 quam
851 1615 1024 1680 dimidium
1046 1617 1130 1699 (0‚5)
1152 1615 1295 1681 amittat.

393 1740 423 1803 A
451 1739 547 1806 luce
578 1744 786 1805 remotum
816 1744 1031 1804 servetur.

810 1966 1013 1975 ——-—-—.

670 2119 892 2216 dilores
934 2120 1156 2215 kalicus.

846 2296 977 2384 uolo,

394 2440 563 2527 Crystalla
584 2441 705 2507 coloris
725 2440 882 2526 expertia,
896 2440 1074 2526 perlucida,
1087 2441 1290 2506 monoclinia
1302 2443 1354 2506 vel
1367 2440 1476 2506 farina

349 2548 552 2634 crystallina,
577 2549 685 2614 calore
707 2548 902 2634 liquescens,
926 2553 1024 2614 aucto
1044 2549 1153 2613 calore
1168 2549 1371 2634 oxygonium
1383 2549 1477 2614 emit

350 2660 435 2720 tens.
448 2654 589 2721 Chloras
600 2655 730 2720 kalicus
741 2655 777 2719 in
789 2677 893 2740 cquae
905 2655 1056 2740 partibus
1070 2657 1144 2734 16‚5
1152 2655 1304 2734 solvitur,
1312 2655 1347 2719 in
1356 2655 1478 2741 spiritu

349 2784 417 2827 non
440 2763 591 2827 solvitur.

394 2868 562 2935 Chloratis
585 2870 688 2936 kalici
709 2891 858 2956 gramma
879 2873 896 2932 1
917 2869 952 2933 in
964 2891 1067 2954 aquae
1079 2868 1285 2935 centimetris
1297 2869 1421 2935 cubicis
1434 2871 1476 2933 20

348 2975 504 3054 solutum,
528 2975 643 3041 addito
666 2975 752 3042 acidi
775 2977 925 3042 berterici
946 2981 1131 3062 grammate
1153 2981 1169 3040 1
1192 2977 1302 3042 soluto
1325 2977 1361 3040 in
1372 2998 1477 3062 aquae

348 3083 554 3149 centimetris
588 3082 712 3150 cubicis
748 3087 776 3162 5,
812 3083 1068 3170 praecipitatum
1099 3082 1222 3162 album,
1246 3083 1476 3167 crystallinum

348 3190 496 3275 deponit.
524 3190 582 3256 Sal
606 3213 672 3256 una
694 3212 768 3256 cum
791 3191 886 3257 acido
909 3188 1165 3277 hydrochlorico
1187 3189 1367 3256 calefactus
1387 3188 1477 3255 chlo·

347 3297 434 3361 rium
457 3296 591 3362 emittit.

393 3401 531 3468 Chlorus
553 3404 683 3469 kalicus
705 3404 740 3468 in
759 3427 845 3490 equa
855 3409 889 3489 (1
908 3431 942 3464 =
960 3407 1017 3488 20)
1028 3406 1158 3469 solutus
1169 3405 1214 3471 sit
1226 3405 1343 3482 clarae,
1356 3403 1477 3470 coloris

348 3532 475 3596 expers,
499 3511 651 3576 neutrius
672 3511 859 3590 reactionis‚
884 3533 926 3576 ne
948 3511 1091 3596 speciem
1115 3515 1222 3575 mutet
1243 3509 1359 3575 addito
1382 3508 1476 3575 acido

347 3616 618 3704 hydrosuliurico
639 3639 723 3683 neve
747 3619 871 3684 nitratc
891 3619 1043 3705 barytico
1066 3642 1149 3684 neve
1161 3618 1476 3705 nitrateargentico.

394 3723 563 3790 Chloratis
597 3725 700 3790 kalici
728 3747 878 3812 gramma
903 3730 919 3791 1
945 3748 1020 3792 oum
1044 3725 1221 3791 solutionis
1244 3724 1396 3810 hydratis
1420 3745 1476 3788 00-

347 3831 424 3896 trioi
446 3830 652 3897 centimetris
671 3832 796 3898 cubicis
820 3836 839 3897 5
864 3837 991 3898 etcum
1010 3833 1124 3897 mixtis
1143 3832 1318 3917 pulverum
1338 3831 1423 3894 zinci
1443 3836 1477 3895 et

348 3937 430 4002 ferri
452 3937 589 4022 paribus
611 3937 763 4023 partibus
786 3945 980 4006 concoctum
1002 3961 1064 4024 gaz
1086 3939 1270 4003 ammoniae
1289 3937 1477 4002 neemittat

349 4045 523 4128 (citratos).

814 4223 1016 4237 *-
