3584 5026
905 510 969 572 231

371 707 420 771 ita
442 710 580 792 paratus
603 702 749 770 eiusdem
774 703 886 768 odoris
899 708 933 768 et
945 702 1074 790 saporis
1086 708 1139 770 est
1150 709 1250 790 atque
1262 705 1502 784 Lactucarium,

371 812 548 880 reactionis
582 810 712 890 acidae;
747 809 969 895 refrigescens
1002 811 1161 890 lactescit,
1193 811 1308 878 addita
1338 811 1505 878 ammonia

371 941 487 986 rursus
506 919 672 997 clarescit3
708 918 940 984 Lactucarium
963 924 1145 997 excoctum,
1165 919 1410 1004 refrigeratum,
1435 941 1503 984 ma·

372 1051 471 1115 gnam
494 1031 623 1112 partem
646 1046 757 1091 massa
778 1029 912 1092 constat
935 1026 1061 1112 gummi
1084 1025 1220 1092 elastico
1244 1025 1353 1092 simili

416 1133 647 1201 Lactucarium
680 1133 892 1198 combustum
927 1133 1048 1199 cineris
1081 1155 1124 1198 ne
1158 1134 1233 1220 plus
1266 1155 1367 1220 quam
1392 1137 1505 1219 partes

371 1242 568 1308 centesimas
593 1244 634 1305 10
656 1240 833 1327 relinquat.

415 1349 468 1414 Ad
499 1348 669 1434 pulverem
693 1346 879 1434 parandum
904 1347 1144 1427 Lactucarium,
1169 1348 1198 1412 si
1221 1367 1306 1432 opus
1330 1346 1402 1424 erit,
1427 1355 1505 1412 ante

373 1475 431 1540 per
452 1453 575 1521 calcem
596 1454 709 1519 vivam
732 1454 883 1520 siccetur.

836 1784 1039 1796 ι...-

582 2072 632 2171 -Ι-
664 2075 857 2169 lichen
893 2075 1210 2170 islandious.

416 2252 621 2319 Oetraria
653 2252 882 2332 islandica,
918 2255 1007 2318 Aen.
1043 2251 1134 2318 Lioh.
1169 2251 1260 2316 univ.
1297 2253 1372 2330 512,
1408 2250 1502 2316 cuius

371 2360 508 2428 lichenis
530 2360 711 2426 varietates
733 2360 920 2446 complures
943 2364 1087 2425 exstant.

414 2521 552 2587 Thallus
573 2521 770 2587 centimetra
793 2522 837 2587 ad
862 2525 903 2586 15
927 2521 1024 2598 altus,
1038 2518 1427 2586 latuscentimetrumad
1440 2521 1502 2598 l,5,

369 2649 499 2695 crassus
510 2629 553 2693 ad
564 2628 745 2694 millimetri
756 2627 930 2694 dimidium
937 2630 1030 2713 (0,5),
1045 2627 1236 2706 fruticosus,
1250 2625 1418 2705 foliaceus,
1431 2626 1504 2712 gih

370 2737 604 2822 bosorugosus,
624 2736 807 2802 enormiter
824 2756 985 2814 ramosum
999 2755 1076 2820 pars
1094 2735 1162 2800 ima
1180 2735 1369 2812 convoluta,
1382 2731 1503 2800 canali-

369 2843 478 2909 culata
500 2843 554 2908 vel
576 2842 741 2922 tubulosa,
766 2842 904 2908 laciniae
915 2841 1099 2928 planiores;
1121 2841 1290 2927 margines
1305 2839 1371 2905 toti
1382 2839 1504 2904 muniti

369 2949 453 3016 ciliis
475 2949 642 3027 brevibus,
665 2949 792 3036 rigidis,
817 2949 892 3035 plus
914 2948 1066 3014 minusve
1089 2948 1249 3014 obscuris.
1276 2945 1393 3013 Altera
1415 2967 1501 3032 pars,

370 3056 412 3120 ad
442 3056 548 3122 lucam
578 3076 685 3135 versa,
721 3055 977 3135 olivaceobadia,
1000 3056 1106 3120 altera
1129 3055 1293 3141 pallidior,
1317 3055 1427 3141 grisea
1449 3055 1504 3119 vel

308 3152 313 3166 '
369 3163 488 3240 albida,
520 3163 633 3248 parvis
662 3163 800 3230 maculis
828 3163 923 3240 albis,
946 3162 1192 3249 quodammodo
1213 3161 1397 3248 depressis;
1427 3183 1503 3227 cum

369 3267 477 3334 lichen
497 3269 653 3334 humidus
669 3277 729 3348 est,
743 3271 877 3336 crebrae
888 3270 1035 3335 maculae
1047 3269 1172 3335 adsunt
1182 3269 1292 3334 minus
1304 3268 1500 3355 perlucidae,

368 3376 548 3442 enormiter
580 3376 755 3442 rotundae.
790 3377 832 3441 In
866 3399 974 3443 merce
1004 3377 1113 3443 venali
1136 3376 1305 3442 interdum
1328 3375 1503 3462 apothecis

367 3482 586 3548 inveniuntur
606 3483 642 3548 in
665 3489 760 3570 parte
783 3485 825 3550 ad
840 3485 947 3550 lucem
959 3505 1056 3549 versa
1068 3483 1298 3549 summitatum
1309 3482 1503 3548 laciniarum

368 3589 534 3669 latiorum,
565 3590 794 3670 rotundarum,
828 3592 1045 3677 superiorum,
1070 3612 1310 3677 nonnunquam
1332 3589 1503 3675 complura

369 3696 488 3775 densa;
512 3696 675 3762 diametro
698 3703 778 3763 sunt
800 3699 1032 3764 centimetrum
1055 3699 1098 3763 ad
1123 3702 1185 3778 1,5,
1206 3697 1381 3762 sedetiam
1396 3695 1502 3761 multo

368 3804 506 3884 minora,
538 3804 745 3884 orbicularis,
769 3826 837 3869 non
861 3804 1065 3891 pedicellata,
1090 3811 1222 3872 tantum
1244 3805 1379 3890 paulum
1402 3823 1503 3888 supra

370 3909 510 3976 thallum
543 3911 733 3991 eminentia,
769 3913 907 3978 obscure
942 3912 1050 3978 badia.
1086 3911 1316 3998 Complurium
1337 3910 1503 3976 lichenum

370 4016 465 4081 thalli
498 4039 596 4104 saepe
630 4018 719 4082 inter
753 4039 789 4083 se
823 4015 898 4103 plus
931 4017 1083 4082 minusve
1116 4015 1312 4083 coaluerunt
1343 4014 1397 4077 vel
1418 4012 1503 4078 ciliis

370 4122 466 4188 mixti
500 4130 535 4190 et
569 4125 697 4191 turbati
731 4129 827 4201 sunt3
862 4145 938 4189 cum
972 4123 1050 4188 siooi
1085 4127 1173 4202 sunt,
1208 4119 1435 4206 cartilaginosi
1468 4123 1503 4184 et

370 4225 516 4315 fragiles,
539 4229 720 4299 madefacti
742 4229 859 4297 molles
882 4234 917 4297 et
939 4230 1151 4298 subcoriacei.
