<?xml version="1.0" encoding="UTF-8"?>
<!DOCTYPE html PUBLIC "-//W3C//DTD XHTML 1.0 Transitional//EN"
    "http://www.w3.org/TR/xhtml1/DTD/xhtml1-transitional.dtd">
<html xmlns="http://www.w3.org/1999/xhtml" xml:lang="en" lang="en">
 <head>
  <title>
</title>
<meta http-equiv="Content-Type" content="text/html;charset=utf-8" />
  <meta name='ocr-system' content='tesseract 3.04.00' />
  <meta name='ocr-capabilities' content='ocr_page ocr_carea ocr_par ocr_line ocrx_word'/>
</head>
<body>
  <div class='ocr_page' id='page_1' title='image "./pharmocopoeaned00zakegoog_0387.png"; bbox 0 0 3582 5034; ppageno 0'>
   <div class='ocr_carea' id='block_1_1' title="bbox 875 559 939 622">
    <p class='ocr_par' dir='ltr' id='par_1_1' title="bbox 875 559 939 622">
     <span class='ocr_line' id='line_1_1' title="bbox 875 559 939 622; baseline 0 0"><span class='ocrx_word' id='word_1_1' title='bbox 875 559 939 622; x_wconf 83' lang='lat'><strong>356</strong></span> 
     </span>
    </p>
   </div>
   <div class='ocr_carea' id='block_1_2' title="bbox 337 751 1473 1904">
    <p class='ocr_par' dir='ltr' id='par_1_2' title="bbox 340 751 1473 1160">
     <span class='ocr_line' id='line_1_2' title="bbox 385 751 1470 837; baseline -0.005 -18"><span class='ocrx_word' id='word_1_2' title='bbox 385 755 425 819; x_wconf 94' lang='lat' dir='ltr'><strong>In</strong></span> <span class='ocrx_word' id='word_1_3' title='bbox 449 753 535 819; x_wconf 85' lang='lat' dir='ltr'><strong>scidi</strong></span> <span class='ocrx_word' id='word_1_4' title='bbox 558 752 709 817; x_wconf 87' lang='lat' dir='ltr'><strong>sulfurici</strong></span> <span class='ocrx_word' id='word_1_5' title='bbox 732 753 936 817; x_wconf 87' lang='lat' dir='ltr'><strong>centimetris</strong></span> <span class='ocrx_word' id='word_1_6' title='bbox 960 753 1084 818; x_wconf 82' lang='lat' dir='ltr'><strong>cubicis</strong></span> <span class='ocrx_word' id='word_1_7' title='bbox 1106 751 1331 837; x_wconf 70' lang='lat' dir='ltr'><strong>isulioylstis</strong></span> <span class='ocrx_word' id='word_1_8' title='bbox 1345 753 1470 837; x_wconf 88' lang='lat' dir='ltr'><strong>pheny-</strong></span> 
     </span>
     <span class='ocr_line' id='line_1_3' title="bbox 340 857 1471 946; baseline -0.003 -22"><span class='ocrx_word' id='word_1_9' title='bbox 340 861 395 926; x_wconf 85' lang='lat' dir='ltr'><strong>lici</strong></span> <span class='ocrx_word' id='word_1_10' title='bbox 429 860 699 946; x_wconf 81' lang='lat' dir='ltr'><strong>miliigrcmmotc</strong></span> <span class='ocrx_word' id='word_1_11' title='bbox 726 861 788 923; x_wconf 89' lang='grc'><strong>100</strong></span> <span class='ocrx_word' id='word_1_12' title='bbox 811 859 920 924; x_wconf 89' lang='lat' dir='ltr'><strong>colore</strong></span> <span class='ocrx_word' id='word_1_13' title='bbox 943 858 1030 923; x_wconf 82' lang='lat' dir='ltr'><strong>flavo</strong></span> <span class='ocrx_word' id='word_1_14' title='bbox 1054 859 1246 938; x_wconf 82' lang='lat' dir='ltr'><strong>solvuntur3</strong></span> <span class='ocrx_word' id='word_1_15' title='bbox 1259 857 1374 923; x_wconf 75' lang='lat' dir='ltr'><strong>additu</strong></span> <span class='ocrx_word' id='word_1_16' title='bbox 1384 858 1471 924; x_wconf 76' lang='lat' dir='ltr'><strong>ccidi</strong></span> 
     </span>
     <span class='ocr_line' id='line_1_4' title="bbox 341 964 1473 1052; baseline -0.004 -21"><span class='ocrx_word' id='word_1_17' title='bbox 341 968 453 1033; x_wconf 87' lang='lat' dir='ltr'><strong>nitrici</strong></span> <span class='ocrx_word' id='word_1_18' title='bbox 473 972 570 1052; x_wconf 81' lang='lat' dir='ltr'><strong>gutte</strong></span> <span class='ocrx_word' id='word_1_19' title='bbox 592 970 620 1044; x_wconf 94' lang='lat'><strong>1,</strong></span> <span class='ocrx_word' id='word_1_20' title='bbox 642 965 751 1030; x_wconf 79' lang='lat' dir='ltr'><strong>solute</strong></span> <span class='ocrx_word' id='word_1_21' title='bbox 767 987 784 1029; x_wconf 91' lang='lat' dir='ltr'><strong>e</strong></span> <span class='ocrx_word' id='word_1_22' title='bbox 800 987 966 1050; x_wconf 88' lang='lat' dir='ltr'><strong>purpureo</strong></span> <span class='ocrx_word' id='word_1_23' title='bbox 978 965 1134 1043; x_wconf 81' lang='lat' dir='ltr'><strong>violeccs,</strong></span> <span class='ocrx_word' id='word_1_24' title='bbox 1148 964 1267 1029; x_wconf 89' lang='lat' dir='ltr'><strong>deinde</strong></span> <span class='ocrx_word' id='word_1_25' title='bbox 1279 969 1473 1030; x_wconf 77' lang='lat' dir='ltr'>constanter</span> 
     </span>
     <span class='ocr_line' id='line_1_5' title="bbox 342 1074 642 1160; baseline -0.01 -21"><span class='ocrx_word' id='word_1_26' title='bbox 342 1074 520 1160; x_wconf 83' lang='lat' dir='ltr'><strong>perviridia</strong></span> <span class='ocrx_word' id='word_1_27' title='bbox 547 1074 642 1137; x_wconf 85' lang='lat' dir='ltr'><strong>fiunt.</strong></span> 
     </span>
    </p>

    <p class='ocr_par' dir='ltr' id='par_1_3' title="bbox 337 1177 1471 1904">
     <span class='ocr_line' id='line_1_6' title="bbox 383 1177 1470 1266; baseline -0.005 -21"><span class='ocrx_word' id='word_1_28' title='bbox 383 1183 498 1266; x_wconf 79' lang='lat' dir='ltr'><strong>Aquae</strong></span> <span class='ocrx_word' id='word_1_29' title='bbox 510 1180 743 1244; x_wconf 76' lang='lat' dir='ltr'><strong>centimetrum</strong></span> <span class='ocrx_word' id='word_1_30' title='bbox 755 1178 946 1243; x_wconf 87' lang='lat' dir='ltr'><strong>cubicorum</strong></span> <span class='ocrx_word' id='word_1_31' title='bbox 959 1181 1002 1243; x_wconf 88' lang='lat'><strong>50</strong></span> <span class='ocrx_word' id='word_1_32' title='bbox 1014 1199 1088 1242; x_wconf 91' lang='lat' dir='ltr'><strong>cum</strong></span> <span class='ocrx_word' id='word_1_33' title='bbox 1102 1177 1290 1262; x_wconf 80' lang='lat' dir='ltr'><strong>Selioyletis</strong></span> <span class='ocrx_word' id='word_1_34' title='bbox 1302 1177 1470 1262; x_wconf 84' lang='lat' dir='ltr'><strong>phenylici</strong></span> 
     </span>
     <span class='ocr_line' id='line_1_7' title="bbox 338 1282 1471 1375; baseline -0.004 -23"><span class='ocrx_word' id='word_1_35' title='bbox 338 1293 522 1375; x_wconf 76' lang='lat' dir='ltr'><strong>grammate</strong></span> <span class='ocrx_word' id='word_1_36' title='bbox 558 1290 575 1349; x_wconf 94' lang='lat'>1</span> <span class='ocrx_word' id='word_1_37' title='bbox 611 1293 854 1363; x_wconf 85' lang='lat' dir='ltr'><strong>concoctorum,</strong></span> <span class='ocrx_word' id='word_1_38' title='bbox 889 1283 1007 1348; x_wconf 88' lang='lat' dir='ltr'><strong>deinde</strong></span> <span class='ocrx_word' id='word_1_39' title='bbox 1041 1282 1313 1368; x_wconf 79' lang='lat' dir='ltr'><strong>refrigeratorum</strong></span> <span class='ocrx_word' id='word_1_40' title='bbox 1348 1283 1471 1348; x_wconf 82' lang='lat' dir='ltr'><strong>filtreto</strong></span> 
     </span>
     <span class='ocr_line' id='line_1_8' title="bbox 337 1391 1468 1459; baseline -0.005 -1"><span class='ocrx_word' id='word_1_41' title='bbox 337 1393 450 1459; x_wconf 81' lang='lat' dir='ltr'><strong>ocidec</strong></span> <span class='ocrx_word' id='word_1_42' title='bbox 472 1393 649 1458; x_wconf 83' lang='lat' dir='ltr'><strong>reoctionis</strong></span> <span class='ocrx_word' id='word_1_43' title='bbox 674 1415 715 1456; x_wconf 92' lang='lat' dir='ltr'><strong>ne</strong></span> <span class='ocrx_word' id='word_1_44' title='bbox 738 1392 816 1456; x_wconf 89' lang='lat' dir='ltr'><strong>sint.</strong></span> <span class='ocrx_word' id='word_1_45' title='bbox 841 1391 1057 1456; x_wconf 83' lang='lat' dir='ltr'><strong>Filtratorum</strong></span> <span class='ocrx_word' id='word_1_46' title='bbox 1080 1391 1276 1455; x_wconf 81' lang='lat' dir='ltr'><strong>centimetru</strong></span> <span class='ocrx_word' id='word_1_47' title='bbox 1299 1391 1412 1455; x_wconf 85' lang='lat' dir='ltr'><strong>cubico</strong></span> <span class='ocrx_word' id='word_1_48' title='bbox 1427 1392 1468 1453; x_wconf 93' lang='lat'><strong>10</strong></span> 
     </span>
     <span class='ocr_line' id='line_1_9' title="bbox 338 1497 1469 1564; baseline -0.004 0"><span class='ocrx_word' id='word_1_49' title='bbox 338 1523 421 1564; x_wconf 89' lang='lat' dir='ltr'><strong>neve</strong></span> <span class='ocrx_word' id='word_1_50' title='bbox 454 1499 569 1564; x_wconf 69' lang='lat' dir='ltr'><strong>ecidito</strong></span> <span class='ocrx_word' id='word_1_51' title='bbox 593 1498 741 1563; x_wconf 87' lang='lat' dir='ltr'><strong>chloreto</strong></span> <span class='ocrx_word' id='word_1_52' title='bbox 757 1497 877 1562; x_wconf 80' lang='lat' dir='ltr'><strong>ferrico</strong></span> <span class='ocrx_word' id='word_1_53' title='bbox 901 1497 1010 1562; x_wconf 86' lang='lat' dir='ltr'><strong>colore</strong></span> <span class='ocrx_word' id='word_1_54' title='bbox 1023 1498 1168 1561; x_wconf 74' lang='lat' dir='ltr'><strong>violaceo</strong></span> <span class='ocrx_word' id='word_1_55' title='bbox 1184 1497 1469 1562; x_wconf 80' lang='lat' dir='ltr'><strong>inficianturneve</strong></span> 
     </span>
     <span class='ocr_line' id='line_1_10' title="bbox 339 1603 1469 1691; baseline -0.003 -20"><span class='ocrx_word' id='word_1_56' title='bbox 339 1607 452 1671; x_wconf 84' lang='lat' dir='ltr'><strong>ndditn</strong></span> <span class='ocrx_word' id='word_1_57' title='bbox 485 1627 570 1691; x_wconf 79' lang='lat' dir='ltr'><strong>eque</strong></span> <span class='ocrx_word' id='word_1_58' title='bbox 600 1605 752 1671; x_wconf 80' lang='lat' dir='ltr'><strong>bromute</strong></span> <span class='ocrx_word' id='word_1_59' title='bbox 785 1605 963 1671; x_wconf 72' lang='lat' dir='ltr'><strong>turbentur</strong></span> <span class='ocrx_word' id='word_1_60' title='bbox 985 1625 1068 1668; x_wconf 92' lang='lat' dir='ltr'><strong>neve</strong></span> <span class='ocrx_word' id='word_1_61' title='bbox 1091 1603 1205 1668; x_wconf 83' lang='lat' dir='ltr'><strong>addito</strong></span> <span class='ocrx_word' id='word_1_62' title='bbox 1227 1604 1323 1669; x_wconf 78' lang='lat' dir='ltr'><strong>acido</strong></span> <span class='ocrx_word' id='word_1_63' title='bbox 1347 1604 1469 1689; x_wconf 88' lang='lat' dir='ltr'><strong>hydro-</strong></span> 
     </span>
     <span class='ocr_line' id='line_1_11' title="bbox 338 1711 1467 1796; baseline -0.003 -19"><span class='ocrx_word' id='word_1_64' title='bbox 338 1713 497 1777; x_wconf 84' lang='lat' dir='ltr'><strong>sulfurioo</strong></span> <span class='ocrx_word' id='word_1_65' title='bbox 520 1733 603 1776; x_wconf 84' lang='lat' dir='ltr'><strong>neve</strong></span> <span class='ocrx_word' id='word_1_66' title='bbox 626 1714 749 1776; x_wconf 84' lang='lat' dir='ltr'><strong>nitrste</strong></span> <span class='ocrx_word' id='word_1_67' title='bbox 766 1711 918 1796; x_wconf 84' lang='lat' dir='ltr'><strong>berytico</strong></span> <span class='ocrx_word' id='word_1_68' title='bbox 939 1711 1341 1796; x_wconf 83' lang='lat' dir='ltr'><strong>nevenitrotcorgentioo</strong></span> <span class='ocrx_word' id='word_1_69' title='bbox 1354 1711 1467 1776; x_wconf 83' lang='lat' dir='ltr'><strong>stetim</strong></span> 
     </span>
     <span class='ocr_line' id='line_1_12' title="bbox 339 1820 1179 1904; baseline -0.005 -20"><span class='ocrx_word' id='word_1_70' title='bbox 339 1820 481 1904; x_wconf 83' lang='lat' dir='ltr'><strong>speciem</strong></span> <span class='ocrx_word' id='word_1_71' title='bbox 504 1823 645 1882; x_wconf 89' lang='lat' dir='ltr'><strong>mutent.</strong></span> <span class='ocrx_word' id='word_1_72' title='bbox 1177 1827 1179 1834; x_wconf 83' lang='lat'>&#39;</span> 
     </span>
    </p>
   </div>
   <div class='ocr_carea' id='block_1_3' title="bbox 720 2244 1093 2509">
    <p class='ocr_par' dir='ltr' id='par_1_4' title="bbox 720 2244 1093 2509">
     <span class='ocr_line' id='line_1_13' title="bbox 720 2244 1093 2341; baseline -0.008 0"><span class='ocrx_word' id='word_1_73' title='bbox 720 2244 1093 2341; x_wconf 79' lang='lat' dir='ltr'><strong>santoninum.</strong></span> 
     </span>
     <span class='ocr_line' id='line_1_14' title="bbox 813 2421 992 2509; baseline 0.006 -1"><span class='ocrx_word' id='word_1_74' title='bbox 813 2421 992 2509; x_wconf 73' lang='grc' dir='ltr'><strong>Ο15Η1803·</strong></span> 
     </span>
    </p>
   </div>
   <div class='ocr_carea' id='block_1_4' title="bbox 334 2564 1467 4355">
    <p class='ocr_par' dir='ltr' id='par_1_5' title="bbox 335 2564 1467 3268">
     <span class='ocr_line' id='line_1_15' title="bbox 385 2564 1467 2651; baseline -0.001 -20"><span class='ocrx_word' id='word_1_75' title='bbox 385 2564 553 2650; x_wconf 75' lang='lat' dir='ltr'><strong>crystallo</strong></span> <span class='ocrx_word' id='word_1_76' title='bbox 575 2565 694 2631; x_wconf 89' lang='lat' dir='ltr'><strong>coloris</strong></span> <span class='ocrx_word' id='word_1_77' title='bbox 718 2572 752 2631; x_wconf 86' lang='lat' dir='ltr'><strong>et</strong></span> <span class='ocrx_word' id='word_1_78' title='bbox 775 2566 886 2631; x_wconf 90' lang='lat' dir='ltr'><strong>odoris</strong></span> <span class='ocrx_word' id='word_1_79' title='bbox 910 2566 1067 2651; x_wconf 83' lang='lat' dir='ltr'><strong>expertis,</strong></span> <span class='ocrx_word' id='word_1_80' title='bbox 1091 2565 1207 2642; x_wconf 82' lang='lat' dir='ltr'><strong>nitido,</strong></span> <span class='ocrx_word' id='word_1_81' title='bbox 1231 2564 1467 2650; x_wconf 83' lang='lat' dir='ltr'><strong>soporissubo·</strong></span> 
     </span>
     <span class='ocr_line' id='line_1_16' title="bbox 339 2671 1467 2758; baseline 0 -22"><span class='ocrx_word' id='word_1_82' title='bbox 339 2671 432 2749; x_wconf 84' lang='lat' dir='ltr'><strong>mori,</strong></span> <span class='ocrx_word' id='word_1_83' title='bbox 456 2671 623 2750; x_wconf 80' lang='lat' dir='ltr'><strong>rhombos,</strong></span> <span class='ocrx_word' id='word_1_84' title='bbox 648 2673 767 2736; x_wconf 85' lang='lat' dir='ltr'><strong>coloris</strong></span> <span class='ocrx_word' id='word_1_85' title='bbox 790 2673 896 2758; x_wconf 80' lang='lat' dir='ltr'><strong>gradu</strong></span> <span class='ocrx_word' id='word_1_86' title='bbox 921 2672 1236 2757; x_wconf 80' lang='lat' dir='ltr'><strong>170⁰liquescentio3</strong></span> <span class='ocrx_word' id='word_1_87' title='bbox 1249 2671 1467 2736; x_wconf 82' lang='lat' dir='ltr'><strong>ouotocslore</strong></span> 
     </span>
     <span class='ocr_line' id='line_1_17' title="bbox 338 2776 1465 2862; baseline 0.001 -21"><span class='ocrx_word' id='word_1_88' title='bbox 338 2776 569 2855; x_wconf 80' lang='lat' dir='ltr'><strong>sublimantur,</strong></span> <span class='ocrx_word' id='word_1_89' title='bbox 600 2777 679 2841; x_wconf 91' lang='lat' dir='ltr'><strong>dum</strong></span> <span class='ocrx_word' id='word_1_90' title='bbox 703 2778 824 2862; x_wconf 77' lang='lat' dir='ltr'><strong>purtim</strong></span> <span class='ocrx_word' id='word_1_91' title='bbox 851 2778 1097 2856; x_wconf 89' lang='lat' dir='ltr'><strong>dissolvuntur;</strong></span> <span class='ocrx_word' id='word_1_92' title='bbox 1122 2800 1196 2843; x_wconf 92' lang='lat' dir='ltr'><strong>cum</strong></span> <span class='ocrx_word' id='word_1_93' title='bbox 1216 2779 1465 2856; x_wconf 87' lang='lat' dir='ltr'><strong>comburuntur,</strong></span> 
     </span>
     <span class='ocr_line' id='line_1_18' title="bbox 338 2882 1466 2970; baseline 0.004 -25"><span class='ocrx_word' id='word_1_94' title='bbox 338 2883 422 2946; x_wconf 93' lang='lat' dir='ltr'><strong>nihil</strong></span> <span class='ocrx_word' id='word_1_95' title='bbox 447 2883 649 2968; x_wconf 84' lang='lat' dir='ltr'><strong>relinquunt.</strong></span> <span class='ocrx_word' id='word_1_96' title='bbox 675 2882 897 2949; x_wconf 79' lang='lat' dir='ltr'><strong>Santoninum</strong></span> <span class='ocrx_word' id='word_1_97' title='bbox 923 2885 956 2947; x_wconf 94' lang='lat' dir='ltr'><strong>in</strong></span> <span class='ocrx_word' id='word_1_98' title='bbox 978 2905 1064 2970; x_wconf 80' lang='lat' dir='ltr'><strong>equo</strong></span> <span class='ocrx_word' id='word_1_99' title='bbox 1088 2883 1157 2948; x_wconf 83' lang='lat' dir='ltr'><strong>fere</strong></span> <span class='ocrx_word' id='word_1_100' title='bbox 1180 2906 1247 2948; x_wconf 94' lang='lat' dir='ltr'><strong>non</strong></span> <span class='ocrx_word' id='word_1_101' title='bbox 1266 2885 1418 2963; x_wconf 87' lang='lat' dir='ltr'><strong>solvitur,</strong></span> <span class='ocrx_word' id='word_1_102' title='bbox 1431 2891 1466 2950; x_wconf 83' lang='lat' dir='ltr'><strong>st</strong></span> 
     </span>
     <span class='ocr_line' id='line_1_19' title="bbox 336 2989 1464 3075; baseline 0.002 -22"><span class='ocrx_word' id='word_1_103' title='bbox 336 2990 477 3054; x_wconf 90' lang='lat' dir='ltr'><strong>solvitur</strong></span> <span class='ocrx_word' id='word_1_104' title='bbox 511 2989 546 3053; x_wconf 93' lang='lat' dir='ltr'><strong>in</strong></span> <span class='ocrx_word' id='word_1_105' title='bbox 569 2990 706 3074; x_wconf 89' lang='lat' dir='ltr'><strong>spiritus</strong></span> <span class='ocrx_word' id='word_1_106' title='bbox 729 2991 880 3075; x_wconf 82' lang='lat' dir='ltr'><strong>pertibus</strong></span> <span class='ocrx_word' id='word_1_107' title='bbox 904 2993 956 3069; x_wconf 90' lang='grc'><strong>52,</strong></span> <span class='ocrx_word' id='word_1_108' title='bbox 992 2991 1026 3053; x_wconf 91' lang='lat' dir='ltr'><strong>in</strong></span> <span class='ocrx_word' id='word_1_109' title='bbox 1049 2991 1193 3055; x_wconf 81' lang='lat' dir='ltr'><strong>aetheris</strong></span> <span class='ocrx_word' id='word_1_110' title='bbox 1215 2990 1367 3075; x_wconf 83' lang='lat' dir='ltr'><strong>portibus</strong></span> <span class='ocrx_word' id='word_1_111' title='bbox 1392 2993 1464 3070; x_wconf 91' lang='grc'><strong>200,</strong></span> 
     </span>
     <span class='ocr_line' id='line_1_20' title="bbox 335 3094 1464 3184; baseline 0.004 -25"><span class='ocrx_word' id='word_1_112' title='bbox 335 3097 371 3159; x_wconf 89' lang='lat' dir='ltr'><strong>in</strong></span> <span class='ocrx_word' id='word_1_113' title='bbox 405 3094 622 3161; x_wconf 84' lang='lat' dir='ltr'><strong>chloroformi</strong></span> <span class='ocrx_word' id='word_1_114' title='bbox 645 3098 795 3181; x_wconf 85' lang='lat' dir='ltr'><strong>portibus</strong></span> <span class='ocrx_word' id='word_1_115' title='bbox 820 3100 872 3174; x_wconf 91' lang='grc'><strong>2,9</strong></span> <span class='ocrx_word' id='word_1_116' title='bbox 895 3119 956 3162; x_wconf 88' lang='lat' dir='ltr'><strong>neo</strong></span> <span class='ocrx_word' id='word_1_117' title='bbox 979 3097 1089 3160; x_wconf 91' lang='lat' dir='ltr'><strong>minus</strong></span> <span class='ocrx_word' id='word_1_118' title='bbox 1113 3096 1148 3159; x_wconf 93' lang='lat' dir='ltr'><strong>in</strong></span> <span class='ocrx_word' id='word_1_119' title='bbox 1170 3096 1253 3161; x_wconf 91' lang='lat' dir='ltr'><strong>oleis</strong></span> <span class='ocrx_word' id='word_1_120' title='bbox 1275 3097 1464 3184; x_wconf 79' lang='lat' dir='ltr'><strong>pinguibus,</strong></span> 
     </span>
     <span class='ocr_line' id='line_1_21' title="bbox 336 3202 1020 3268; baseline 0 -2"><span class='ocrx_word' id='word_1_121' title='bbox 336 3202 391 3268; x_wconf 80' lang='lat' dir='ltr'><strong>Ito</strong></span> <span class='ocrx_word' id='word_1_122' title='bbox 413 3204 559 3267; x_wconf 90' lang='lat' dir='ltr'><strong>solutum</strong></span> <span class='ocrx_word' id='word_1_123' title='bbox 582 3203 760 3268; x_wconf 81' lang='lat' dir='ltr'><strong>resctionis</strong></span> <span class='ocrx_word' id='word_1_124' title='bbox 784 3203 935 3268; x_wconf 86' lang='lat' dir='ltr'><strong>neutrius</strong></span> <span class='ocrx_word' id='word_1_125' title='bbox 959 3207 1020 3267; x_wconf 85' lang='lat' dir='ltr'><strong>est.</strong></span> 
     </span>
    </p>

    <p class='ocr_par' dir='ltr' id='par_1_6' title="bbox 381 3308 1371 3394">
     <span class='ocr_line' id='line_1_22' title="bbox 381 3308 1371 3394; baseline 0.002 -22"><span class='ocrx_word' id='word_1_126' title='bbox 381 3308 461 3373; x_wconf 89' lang='lat' dir='ltr'><strong>Luci</strong></span> <span class='ocrx_word' id='word_1_127' title='bbox 484 3310 672 3394; x_wconf 84' lang='lat' dir='ltr'><strong>expositum</strong></span> <span class='ocrx_word' id='word_1_128' title='bbox 696 3310 919 3374; x_wconf 82' lang='lat' dir='ltr'><strong>Santoninum</strong></span> <span class='ocrx_word' id='word_1_129' title='bbox 941 3309 1087 3373; x_wconf 88' lang='lat' dir='ltr'><strong>colorem</strong></span> <span class='ocrx_word' id='word_1_130' title='bbox 1110 3308 1233 3373; x_wconf 84' lang='lat' dir='ltr'><strong>flevum</strong></span> <span class='ocrx_word' id='word_1_131' title='bbox 1257 3310 1371 3374; x_wconf 80' lang='lat' dir='ltr'><strong>trahit.</strong></span> 
     </span>
    </p>

    <p class='ocr_par' dir='ltr' id='par_1_7' title="bbox 335 3414 1464 3712">
     <span class='ocr_line' id='line_1_23' title="bbox 381 3414 1464 3500; baseline 0.003 -22"><span class='ocrx_word' id='word_1_132' title='bbox 381 3414 558 3478; x_wconf 82' lang='lat' dir='ltr'><strong>Santonini</strong></span> <span class='ocrx_word' id='word_1_133' title='bbox 582 3415 850 3500; x_wconf 81' lang='lat' dir='ltr'><strong>milligrommoto</strong></span> <span class='ocrx_word' id='word_1_134' title='bbox 876 3416 938 3478; x_wconf 86' lang='grc'><strong>1110</strong></span> <span class='ocrx_word' id='word_1_135' title='bbox 958 3415 992 3478; x_wconf 91' lang='lat' dir='ltr'><strong>in</strong></span> <span class='ocrx_word' id='word_1_136' title='bbox 1008 3415 1094 3480; x_wconf 77' lang='lat' dir='ltr'><strong>ccidi</strong></span> <span class='ocrx_word' id='word_1_137' title='bbox 1106 3414 1257 3480; x_wconf 78' lang='lat' dir='ltr'><strong>sulfurici</strong></span> <span class='ocrx_word' id='word_1_138' title='bbox 1269 3417 1464 3481; x_wconf 89' lang='lat' dir='ltr'><strong>centimetro</strong></span> 
     </span>
     <span class='ocr_line' id='line_1_24' title="bbox 336 3521 1464 3608; baseline 0.001 -22"><span class='ocrx_word' id='word_1_139' title='bbox 336 3521 451 3586; x_wconf 90' lang='lat' dir='ltr'><strong>cubico</strong></span> <span class='ocrx_word' id='word_1_140' title='bbox 477 3525 492 3583; x_wconf 93' lang='grc'><strong>1</strong></span> <span class='ocrx_word' id='word_1_141' title='bbox 518 3521 636 3599; x_wconf 83' lang='lat' dir='ltr'><strong>soluto,</strong></span> <span class='ocrx_word' id='word_1_142' title='bbox 661 3521 784 3587; x_wconf 77' lang='lat' dir='ltr'><strong>additis</strong></span> <span class='ocrx_word' id='word_1_143' title='bbox 807 3544 911 3608; x_wconf 84' lang='lat' dir='ltr'><strong>uquue</strong></span> <span class='ocrx_word' id='word_1_144' title='bbox 934 3523 1130 3587; x_wconf 89' lang='lat' dir='ltr'><strong>centimetro</strong></span> <span class='ocrx_word' id='word_1_145' title='bbox 1154 3523 1270 3588; x_wconf 89' lang='lat' dir='ltr'><strong>cubico</strong></span> <span class='ocrx_word' id='word_1_146' title='bbox 1293 3527 1309 3586; x_wconf 95' lang='lat' dir='ltr'><strong>l</strong></span> <span class='ocrx_word' id='word_1_147' title='bbox 1331 3524 1464 3588; x_wconf 88' lang='lat' dir='ltr'><strong>etchlo·</strong></span> 
     </span>
     <span class='ocr_line' id='line_1_25' title="bbox 335 3627 1414 3712; baseline 0.003 -21"><span class='ocrx_word' id='word_1_148' title='bbox 335 3629 398 3692; x_wconf 90' lang='lat' dir='ltr'><strong>reti</strong></span> <span class='ocrx_word' id='word_1_149' title='bbox 421 3627 534 3692; x_wconf 83' lang='lat' dir='ltr'><strong>ferrici</strong></span> <span class='ocrx_word' id='word_1_150' title='bbox 556 3632 653 3712; x_wconf 81' lang='lat' dir='ltr'><strong>gutta</strong></span> <span class='ocrx_word' id='word_1_151' title='bbox 678 3632 706 3707; x_wconf 93' lang='lat'><strong>1,</strong></span> <span class='ocrx_word' id='word_1_152' title='bbox 731 3630 874 3694; x_wconf 88' lang='lat' dir='ltr'><strong>colorem</strong></span> <span class='ocrx_word' id='word_1_153' title='bbox 898 3630 1037 3694; x_wconf 77' lang='lat' dir='ltr'><strong>trahunt</strong></span> <span class='ocrx_word' id='word_1_154' title='bbox 1060 3629 1197 3693; x_wconf 77' lang='lat' dir='ltr'><strong>obscure</strong></span> <span class='ocrx_word' id='word_1_155' title='bbox 1221 3629 1414 3694; x_wconf 81' lang='lat' dir='ltr'><strong>violaceum.</strong></span> 
     </span>
    </p>

    <p class='ocr_par' dir='ltr' id='par_1_8' title="bbox 334 3735 1463 4116">
     <span class='ocr_line' id='line_1_26' title="bbox 380 3735 1463 3826; baseline 0.001 -28"><span class='ocrx_word' id='word_1_156' title='bbox 380 3735 557 3798; x_wconf 80' lang='lat' dir='ltr'><strong>Santonini</strong></span> <span class='ocrx_word' id='word_1_157' title='bbox 587 3735 866 3826; x_wconf 79' lang='lat' dir='ltr'><strong>milligrammotis</strong></span> <span class='ocrx_word' id='word_1_158' title='bbox 892 3738 955 3799; x_wconf 90' lang='lat'><strong>100</strong></span> <span class='ocrx_word' id='word_1_159' title='bbox 978 3736 1013 3798; x_wconf 94' lang='lat' dir='ltr'><strong>in</strong></span> <span class='ocrx_word' id='word_1_160' title='bbox 1035 3736 1154 3800; x_wconf 91' lang='lat' dir='ltr'><strong>tubulo</strong></span> <span class='ocrx_word' id='word_1_161' title='bbox 1178 3735 1359 3820; x_wconf 88' lang='lat' dir='ltr'><strong>prudenter</strong></span> <span class='ocrx_word' id='word_1_162' title='bbox 1380 3735 1463 3800; x_wconf 84' lang='lat' dir='ltr'><strong>cole-</strong></span> 
     </span>
     <span class='ocr_line' id='line_1_27' title="bbox 335 3839 1463 3928; baseline 0.003 -25"><span class='ocrx_word' id='word_1_163' title='bbox 335 3839 443 3918; x_wconf 83' lang='lat' dir='ltr'><strong>fcctis‚</strong></span> <span class='ocrx_word' id='word_1_164' title='bbox 468 3841 682 3906; x_wconf 80' lang='lat' dir='ltr'><strong>sublimatum</strong></span> <span class='ocrx_word' id='word_1_165' title='bbox 706 3843 839 3909; x_wconf 84' lang='lat' dir='ltr'><strong>exsistit</strong></span> <span class='ocrx_word' id='word_1_166' title='bbox 861 3843 959 3928; x_wconf 90' lang='lat' dir='ltr'><strong>quod,</strong></span> <span class='ocrx_word' id='word_1_167' title='bbox 984 3842 1106 3908; x_wconf 83' lang='lat' dir='ltr'><strong>additis</strong></span> <span class='ocrx_word' id='word_1_168' title='bbox 1126 3843 1301 3907; x_wconf 88' lang='lat' dir='ltr'><strong>solutionis</strong></span> <span class='ocrx_word' id='word_1_169' title='bbox 1312 3842 1463 3928; x_wconf 84' lang='lat' dir='ltr'><strong>hydrotis</strong></span> 
     </span>
     <span class='ocr_line' id='line_1_28' title="bbox 335 3945 1462 4035; baseline 0.004 -27"><span class='ocrx_word' id='word_1_170' title='bbox 335 3945 435 4011; x_wconf 83' lang='lat' dir='ltr'><strong>kclici</strong></span> <span class='ocrx_word' id='word_1_171' title='bbox 465 3947 662 4032; x_wconf 81' lang='lat' dir='ltr'><strong>spirituosoe</strong></span> <span class='ocrx_word' id='word_1_172' title='bbox 693 3949 897 4014; x_wconf 88' lang='lat' dir='ltr'><strong>centimetris</strong></span> <span class='ocrx_word' id='word_1_173' title='bbox 927 3950 1051 4015; x_wconf 88' lang='lat' dir='ltr'><strong>cubicis</strong></span> <span class='ocrx_word' id='word_1_174' title='bbox 1082 3953 1111 4027; x_wconf 90' lang='grc'><strong>2,</strong></span> <span class='ocrx_word' id='word_1_175' title='bbox 1143 3949 1304 4035; x_wconf 89' lang='lat' dir='ltr'><strong>liquorem</strong></span> <span class='ocrx_word' id='word_1_176' title='bbox 1328 3949 1462 4033; x_wconf 82' lang='lat' dir='ltr'><strong>praebet</strong></span> 
     </span>
     <span class='ocr_line' id='line_1_29' title="bbox 334 4053 481 4116; baseline 0 0"><span class='ocrx_word' id='word_1_177' title='bbox 334 4053 481 4116; x_wconf 90' lang='lat' dir='ltr'><strong>rubrum.</strong></span> 
     </span>
    </p>

    <p class='ocr_par' dir='ltr' id='par_1_9' title="bbox 334 4160 1461 4355">
     <span class='ocr_line' id='line_1_30' title="bbox 379 4160 1461 4249; baseline 0.002 -27"><span class='ocrx_word' id='word_1_178' title='bbox 379 4160 556 4225; x_wconf 82' lang='lat' dir='ltr'><strong>Santonini</strong></span> <span class='ocrx_word' id='word_1_179' title='bbox 585 4162 852 4249; x_wconf 80' lang='lat' dir='ltr'><strong>milligremmoto</strong></span> <span class='ocrx_word' id='word_1_180' title='bbox 878 4166 941 4226; x_wconf 90' lang='lat'><strong>100</strong></span> <span class='ocrx_word' id='word_1_181' title='bbox 963 4164 999 4226; x_wconf 91' lang='lat' dir='ltr'><strong>in</strong></span> <span class='ocrx_word' id='word_1_182' title='bbox 1022 4163 1108 4227; x_wconf 80' lang='lat' dir='ltr'><strong>acidi</strong></span> <span class='ocrx_word' id='word_1_183' title='bbox 1131 4162 1243 4227; x_wconf 84' lang='lat' dir='ltr'><strong>uitrici</strong></span> <span class='ocrx_word' id='word_1_184' title='bbox 1266 4162 1461 4227; x_wconf 87' lang='lat' dir='ltr'><strong>centimetro</strong></span> 
     </span>
     <span class='ocr_line' id='line_1_31' title="bbox 334 4265 1460 4355; baseline 0.001 -26"><span class='ocrx_word' id='word_1_185' title='bbox 334 4265 449 4330; x_wconf 90' lang='lat' dir='ltr'><strong>cubico</strong></span> <span class='ocrx_word' id='word_1_186' title='bbox 486 4270 502 4329; x_wconf 95' lang='lat' dir='ltr'>l</span> <span class='ocrx_word' id='word_1_187' title='bbox 539 4268 648 4332; x_wconf 83' lang='lat' dir='ltr'><strong>solute</strong></span> <span class='ocrx_word' id='word_1_188' title='bbox 681 4269 802 4334; x_wconf 89' lang='lat' dir='ltr'><strong>coloris</strong></span> <span class='ocrx_word' id='word_1_189' title='bbox 836 4271 985 4355; x_wconf 83' lang='lat' dir='ltr'><strong>expertia</strong></span> <span class='ocrx_word' id='word_1_190' title='bbox 1018 4271 1095 4349; x_wconf 89' lang='lat' dir='ltr'><strong>sint,</strong></span> <span class='ocrx_word' id='word_1_191' title='bbox 1131 4270 1165 4333; x_wconf 94' lang='lat' dir='ltr'><strong>in</strong></span> <span class='ocrx_word' id='word_1_192' title='bbox 1193 4269 1278 4334; x_wconf 78' lang='lat' dir='ltr'><strong>acidi</strong></span> <span class='ocrx_word' id='word_1_193' title='bbox 1308 4267 1460 4333; x_wconf 82' lang='lat' dir='ltr'><strong>sulfurici</strong></span> 
     </span>
    </p>
   </div>
   <div class='ocr_carea' id='block_1_5' title="bbox 0 0 1796 5034">
    <p class='ocr_par' dir='ltr' id='par_1_10' title="bbox 0 0 1796 5034">
     <span class='ocr_line' id='line_1_32' title="bbox 0 0 1796 5034; baseline 0 3"><span class='ocrx_word' id='word_1_194' title='bbox 0 0 1796 5034; x_wconf 95' lang='lat' dir='ltr'><strong> </strong></span> 
     </span>
    </p>
   </div>
  </div>
 </body>
</html>
