3530 5026
839 475 899 536 151

414 664 464 762 -Ι-
499 667 588 761 Fet
639 667 807 762 Tauri
851 669 1237 790 inspissatum.

349 869 431 938 001.

398 984 455 1036 rel
474 998 587 1037 recens
609 979 724 1038 Bovis
751 979 870 1039 Tauri
896 983 985 1040 sani

304 1100 337 1158 et
357 1095 465 1160 colata
487 1095 612 1174 statim,
626 1115 694 1160 non
713 1096 856 1181 agitans,
876 1099 912 1161 in
935 1097 1054 1163 balneo
1072 1119 1178 1184 aquae
1201 1119 1345 1184 evapora
1357 1099 1437 1163 dum

305 1201 518 1286 spissitudine
541 1201 610 1268 sint
633 1202 776 1268 extracti
798 1203 978 1288 spissioris.

347 1307 404 1372 Fel
438 1308 541 1372 Tauri
573 1309 790 1394 inspissatum
813 1309 1045 1377 viridifuscum
1076 1316 1128 1377 est
1151 1313 1243 1377 etin
1266 1335 1352 1398 aqua
1376 1334 1436 1398 pro

303 1415 419 1500 quavis
450 1415 605 1500 portione
639 1415 790 1482 solvitur.
826 1416 880 1482 Ita
903 1417 1050 1483 solutum
1083 1440 1159 1485 cum
1181 1425 1434 1506 conquassatur,

304 1521 514 1587 vehementer
536 1528 671 1608 spumat
693 1529 728 1589 et
749 1524 928 1590 reactionis
950 1524 1071 1591 leviter
1093 1526 1253 1592 alcalinae
1276 1532 1337 1593 cst.

347 1628 446 1694 Follis
469 1630 570 1694 Tauri
593 1629 766 1715 inspissati
790 1631 1062 1716 milligrammata
1087 1636 1129 1698 10
1152 1633 1263 1700 soluta
1283 1634 1319 1698 in
1329 1655 1435 1720 aquae

304 1735 507 1801 centimetris
526 1736 651 1802 cubicis
675 1740 715 1802 10
739 1737 768 1802 si
788 1737 889 1803 faroli
907 1742 941 1823 (1
960 1741 1089 1825 :100)
1108 1741 1214 1826 guttis
1237 1743 1279 1805 10
1298 1745 1332 1806 et
1351 1739 1437 1806 acidi

303 1841 452 1908 sulfurici
475 1843 682 1910 centimetris
705 1844 829 1910 cubicis
854 1845 1081 1926 5miscentur,
1094 1849 1239 1914 colorem
1250 1847 1436 1913 violaceum

305 1949 450 2016 trahunt.

560 2483 779 2578 Ferrum
819 2486 1179 2605 putrefactum.

348 2688 460 2753 Pulvis
468 2687 588 2766 tenuis,
598 2689 720 2774 gravis,
734 2688 872 2774 griseus,
886 2688 1132 2774 quodammodo
1141 2689 1261 2754 nitoris
1268 2690 1437 2756 metallici.

347 2794 483 2859 Ferrum
495 2795 706 2880 pulveratum
717 2816 779 2880 gaz
791 2795 904 2861 odoris
917 2795 1038 2881 exigtui
1052 2796 1228 2882 praecipue
1240 2818 1303 2882 gaz
1314 2797 1438 2882 hydro·

303 2901 444 2986 genium,
469 2901 625 2967 emittens
646 2902 682 2966 in
704 2902 800 2967 acido
818 2902 1074 2988 hydrochlorico
1086 2902 1194 2968 diluto
1206 2903 1357 2982 solvitur,
1371 2925 1437 2989 quo

305 3006 393 3074 facto
404 3009 552 3094 pulveris
563 3009 652 3094 nigri
663 3031 705 3074 ne
716 3009 792 3095 plus
804 3031 903 3095 quam
915 3031 993 3095 pars
1002 3011 1436 3097 centesimalrelinquatur.

348 3114 485 3179 Fanum
508 3115 718 3200 pulveratum
749 3117 784 3180 in
803 3116 898 3182 acido
910 3117 1166 3202 hydrochlorico
1178 3116 1285 3183 diluto
1297 3119 1438 3201 (1:10)

304 3220 458 3299 solutum,
491 3221 607 3287 addito
637 3222 732 3288 acido
762 3221 1043 3308 hydrosulfurico
1076 3224 1218 3309 speciem
1247 3247 1290 3288 ne
1312 3229 1434 3302 mutet3

303 3348 444 3412 quorum
462 3329 648 3394 solutorum
660 3330 893 3395 centimetrum
905 3330 1096 3396 cubicorum
1110 3331 1128 3394 5
1142 3351 1216 3396 cum
1229 3330 1313 3397 acidi
1324 3331 1438 3398 uitrici

303 3433 507 3500 centimetris
531 3435 655 3501 cubicis
682 3437 701 3500 2
724 3441 959 3502 concoctarum
983 3442 1017 3502 et
1039 3437 1225 3502 ammoniae
1247 3437 1437 3522 quantitate

304 3539 475 3607 excedenti
497 3541 679 3606 mixtorum
702 3543 829 3608 filtrata
851 3543 972 3612 coloris
995 3545 1146 3629 expertia
1169 3544 1254 3622 sint3
1277 3543 1329 3622 iis,
1353 3565 1438 3630 quae

304 3647 344 3711 de
366 3647 500 3714 filtratia
523 3650 713 3734 evaporatio
724 3649 840 3715 relicta
852 3655 960 3728 erunt,
981 3651 1194 3729 candefactis,
1208 3672 1293 3737 quae
1305 3672 1439 3736 supere·

304 3760 391 3834 runt,
416 3756 594 3841 ponderari
616 3762 792 3842 nequeant.

347 3861 417 3926 Gan
436 3862 847 3948 orienseb'erripulverati
854 3864 1133 3949 milligrammatis
1148 3867 1211 3929 100
1222 3863 1438 3949 reagentibus

304 3967 339 4031 in
361 3968 447 4034 acidi
458 3969 611 4035 sulfurici
621 3970 721 4035 diluti
730 3972 928 4037 centimetra
940 3970 1055 4037 cubica
1068 3975 1110 4036 10
1122 3972 1272 4037 chartam
1280 3969 1437 4047 bibulam,

304 4079 432 4140 acetate
453 4076 622 4161 plumbico
650 4075 881 4156 madefactam,
905 4081 1038 4143 tantum
1060 4079 1148 4144 clare
1168 4075 1297 4143 fuscam
1320 4074 1439 4139 reddat

304 4180 392 4246 intra
414 4183 515 4248 horae
539 4189 668 4268 partem
692 4184 1021 4271 septingentesimam
1043 4184 1243 4252 vicesimam.
