3532 5034
825 521 889 582 485

378 712 507 778 Vulnus
530 735 589 798 per
610 715 715 780 ictum
736 713 856 779 insecti
885 713 1011 779 factum
1039 715 1277 800 exsugendum,
1301 717 1421 782 deinde

332 821 508 886 Ammonia
518 820 645 906 liquida
657 821 708 884 vel
723 821 945 887 Bicarbonate
957 822 1086 888 natrice
1098 822 1347 908 perfricandum
1359 830 1420 893 est.

289 964 317 1028 t'.
366 963 402 1026 a·
422 983 565 1027 00000000
600 964 769 1027 inhalatum
793 963 857 1028 001
876 967 953 1049 (eg.
978 965 1112 1043 Aether,
1138 965 1416 1047 Gazammoniae,

333 1067 515 1147 Chlorium,
560 1055 840 1147 Chlorolormum,
885 1069 1043 1155 Oxydum
1085 1070 1307 1150 carbonicum,
1351 1072 1422 1137 Gau

332 1175 375 1240 ad
397 1176 669 1253 collustrandum,
693 1176 763 1241 Gan
785 1177 938 1255 cloacale,
963 1177 1157 1264 Dioxydum
1181 1178 1338 1264 Suliuris,
1351 1179 1421 1244 Gaa

330 1283 462 1362 acidum
481 1283 800 1369 hydroeuliuricum)
816 1307 873 1349 000
885 1306 983 1371 quam
996 1285 1194 1370 purissimus
1205 1285 1421 1352 adducendus

331 1393 384 1456 001
406 1393 601 1476 (aegrotans
624 1391 824 1456 subdivum
847 1392 1033 1477 portandus
1057 1397 1108 1457 est
1131 1394 1185 1457 vel
1208 1391 1376 1458 fenestrae
1389 1400 1422 1459 et

332 1497 418 1561 ostia
440 1498 508 1562 1010
527 1497 702 1583 patefiant)
713 1504 747 1563 01
758 1499 961 1584 oxygonium
974 1499 1017 1564 ab
1029 1505 1225 1586 aegrotante
1236 1500 1420 1581 inhalatum

333 1609 505 1690 praeterea
538 1605 568 1669 01
601 1605 740 1690 00101100
774 1605 914 1683 deficiet,
947 1611 1017 1671 arte
1043 1607 1186 1690 restitui,
1211 1607 1422 1672 membranae

333 1711 525 1796 pituitariae
547 1711 678 1777 narium
700 1712 841 1791 titillari,
865 1713 1075 1777 stimulantis
1097 1713 1248 1778 adhiberi
1270 1719 1421 1800 possunt.

745 1874 961 1944 Vomitorlc.

334 2018 470 2086 Sulfas
505 2019 684 2103 cuprlcus
718 2021 752 2104 (1
772 2021 913 2102 :100).
949 2019 1007 2083 Bis
1037 2020 1203 2106 deinceps,
1230 2020 1423 2086 intermissa

288 2125 390 2190 100000
413 2128 509 2210 00010
531 2124 727 2190 duodecima
749 2127 803 2190 vel
827 2132 933 2207 00010,
957 2126 1134 2191 solutionis
1157 2133 1345 2214 grammata
1369 2131 1421 2193 50.

288 2232 506 2298 Adhibendus
519 2233 617 2297 estin
628 2233 795 2298 veneficiis
807 2233 907 2298 iactis
919 2254 995 2318 per:
1008 2235 1196 2312 Aconitum,
1211 2234 1421 2320 Atropinum,

289 2339 537 2418 Belladonnam,
551 2339 672 2404 Samen
685 2340 977 2426 Physostigmatis,
992 2339 1144 2420 Conium,
1155 2340 1319 2427 Cytisum,
1330 2341 1424 2426 Digi-

289 2448 398 2524 talem‚
421 2447 674 2532 Hyoscyamum
686 2469 788 2532 eaque
800 2468 885 2533 quae
897 2448 1122 2513 exclamantis
1134 2448 1291 2512 indicatis
1303 2452 1422 2534 parata

290 2559 383 2632 0001;
419 2543 651 2638 000110001οε
675 2552 819 2631 cocculi,
845 2554 938 2619 Sales
961 2555 1097 2639 plumbi,
1124 2553 1278 2620 Conchas
1301 2553 1422 2637 (Oran-

289 2683 393 2746 gones
415 2661 580 2746 vulgares,
606 2660 753 2737 Ostreas,
778 2663 854 2746 cet),
880 2662 1002 2747 Opium
1014 2667 1048 2727 01
1060 2684 1102 2726 00
1114 2661 1201 2747 0010
1213 2667 1421 2747 praeparata,

291 2769 607 2854 Hymanomycetas‚
631 2769 871 2854 Phosphorum,
897 2769 1151 2854 Pilocarpinum,
1169 2769 1313 2846 Scillam,
1327 2767 1421 2834 Sola-

288 2876 414 2953 ninum,
450 2875 688 2954 Stramonium,
724 2875 845 2940 Semen
880 2875 1041 2961 Strychni
1071 2897 1175 2962 eaque
1198 2897 1283 2961 quae
1307 2876 1424 2940 001010

290 2983 463 3048 clementis
485 2982 642 3048 indicatis
665 2989 785 3069 000010
808 2988 897 3048 eunt.

334 3127 469 3193 Pulvis
504 3126 662 3192 Radicis
684 3128 981 3211 lpecacuanhae
1004 3126 1179 3210 (Gramma
1204 3130 1221 3188 1
1246 3147 1321 3191 cum
1344 3125 1422 3189 Vini

290 3233 485 3318 grammatic
511 3233 576 3310 10).
612 3232 671 3297 Bis
693 3232 858 3317 deinceps,
882 3233 1075 3297 intermissa
1098 3233 1199 3297 horae
1223 3238 1318 3317 00010
1341 3232 1422 3296 duo-

288 3340 416 3405 decima
439 3340 493 3403 vel
516 3345 622 3404 00010.
657 3337 876 3403 Adhibendus
900 3345 951 3404 est
974 3339 1009 3402 in
1032 3339 1200 3403 veneficiis
1222 3339 1322 3404 iactis
1346 3360 1422 3423 per:

290 3445 496 3512 Amanicalia
529 3447 574 3532 (ei
607 3446 796 3512 antidotum
831 3447 982 3511 Arsenici
1017 3450 1172 3532 paratum
1206 3468 1273 3511 non
1304 3445 1423 3530 adest),

290 3554 515 3639 Delphinium‚
538 3553 653 3619 Secale
674 3553 862 3620 Cornutum
874 3559 908 3618 01
920 3575 969 3631 00,
983 3575 1067 3639 quae
1081 3553 1193 3618 001110
1204 3558 1322 3637 parata
1334 3558 1423 3631 sunt,

292 3660 578 3738 Nitrobenzolum,
621 3662 752 3746 Aquam
790 3661 978 3738 cloacalem,
1015 3659 1249 3737 Cantharides,
1285 3659 1422 3737 Sulfida,

290 3769 514 3845 Veratrinum,
540 3767 693 3833 Cicutam
716 3767 872 3846 virosam,
897 3767 1085 3853 Argentum
1108 3767 1161 3832 vel
1186 3768 1321 3831 Zincum
1345 3788 1423 3830 con-

291 3875 443 3953 tinentia,
468 3874 610 3940 Acidum
633 3874 798 3940 oxalicum
823 3879 857 3939 01
880 3895 919 3938 00
942 3895 1027 3960 quae
1050 3896 1093 3938 00
1113 3873 1171 3937 1110
1191 3878 1310 3957 parata
1334 3877 1422 3950 sunt,

292 3983 432 4048 Acidum
456 3981 769 4067 hydrosulfiuicum.

335 4125 631 4210 Hydrochloras
655 4124 952 4210 Apomorphini.
989 4123 1298 4209 Milligrammatum
1322 4123 1364 4184 10
1386 4121 1422 4183 in

291 4253 397 4318 aquae
420 4233 616 4298 centimetro
642 4235 658 4296 l
683 4233 870 4297 solutorum
891 4231 1028 4296 iniectio
1052 4229 1267 4295 subcutanea.
