3466 5038
783 511 824 577 67

278 706 456 774 Carbones
478 707 618 772 calcicus
640 729 700 793 per
721 707 851 773 acidum
874 707 1031 772 uitricum
1053 707 1088 772 in
1111 729 1197 794 aqua
1215 711 1249 794 (1
1264 712 1366 794 :50)

236 815 371 894 solutus,
399 814 516 879 addito
540 813 775 900 ferrocyaneto
797 815 918 894 kalico,
935 815 1105 880 caemleus
1115 816 1237 900 nefiat,
1251 815 1366 882 addita

234 921 420 986 ammoniae
453 922 640 1008 quantitate
673 921 846 987 excedenti
869 923 1012 1008 speciem
1034 944 1077 986 ne
1099 926 1227 1001 mutet;
1251 922 1366 988 addita

235 1049 338 1114 aquae
361 1028 465 1094 calcis
488 1029 711 1114 (magnesiam)
734 1029 922 1114 quantitate
941 1029 1115 1094 excedenti
1132 1051 1175 1094 ne
1194 1029 1364 1114 turbetur;

235 1134 348 1201 addito
379 1137 506 1201 nitrate
538 1135 688 1222 berytico
723 1137 777 1201 vel
808 1137 934 1202 nitrate
968 1137 1149 1222 argentico,
1174 1158 1234 1222 per
1262 1138 1365 1202 horae

235 1247 362 1326 purtem
381 1263 452 1308 non
475 1242 586 1308 minus
609 1265 708 1329 quam
731 1244 945 1310 centesimam
967 1243 1159 1310 vicesimam
1182 1243 1290 1309 clarus
1308 1245 1363 1310 sit.

276 1350 393 1435 Aquae
417 1351 650 1416 centimetrum
673 1350 864 1416 cubicorum
888 1354 930 1416 25
953 1372 1028 1416 cum
1044 1350 1235 1418 carbonatis
1252 1350 1364 1416 calcici

235 1461 419 1540 grammate
445 1461 462 1520 1
488 1479 547 1543 per
569 1459 672 1522 horae
686 1464 815 1544 partem
827 1458 1056 1523 duodecimam
1068 1462 1365 1543 conquassatorum

235 1561 357 1628 filtrata
380 1563 535 1628 chartam
555 1564 814 1650 exploratoriam
825 1564 961 1630 rubram
974 1587 1016 1629 ne
1026 1564 1168 1630 reddant
1180 1564 1365 1629 caeruleam

234 1691 312 1734 neve
334 1676 523 1756 evaporata
542 1671 718 1758 quicquam
740 1671 940 1759 relinquant.

421 2139 474 2238 -Ι-
507 2141 776 2238 carbones
809 2143 1096 2238 Guaiacoli.

624 2336 974 2426 (oflnfoonsqoog.

280 2496 392 2562 Pulvis
419 2496 527 2576 albus,
551 2498 775 2584 crystallinus,
801 2498 930 2583 saporis
952 2518 1080 2583 expers,
1105 2496 1217 2562 odoris
1240 2497 1361 2582 exigui,

237 2603 290 2687 qui
312 2604 432 2670 caloris
454 2603 562 2689 gradu
585 2605 677 2682 87,5ο
699 2605 742 2670 ad
766 2607 847 2668 88ιιῃι
870 2603 1034 2690 liquescit.
1059 2602 1228 2670 Carbones
1245 2601 1363 2669 Guaia-

236 2708 296 2773 coli
317 2710 354 2775 in
376 2733 465 2796 aqua
487 2732 556 2776 non
578 2711 731 2790 solvitur,
755 2717 791 2776 at
813 2711 912 2776 facile
933 2711 969 2775 in
992 2710 1113 2797 spiritu
1134 2710 1252 2778 calido.

280 2815 471 2884 Carbonate
494 2818 666 2884 Guaiacoli
692 2839 767 2883 cum
791 2818 957 2884 solutione
979 2816 1132 2903 hydratis
1154 2817 1363 2903 kalicispiri·

237 2927 332 2989 tuosa
369 2923 470 2990 breve
503 2931 635 3011 tempus
669 2930 838 3004 concocta,
873 2925 988 2990 mixtis
1021 2945 1108 3010 aqua
1140 2923 1265 3002 dilutis,
1305 2945 1364 3008 per

235 3029 364 3096 acidum
395 3031 685 3116 hydrochloricum
714 3031 893 3117 diligenter
914 3031 1067 3096 neutrius
1089 3031 1268 3095 reactionis
1288 3029 1363 3094 red·

235 3133 321 3214 ditis,
352 3136 537 3223 dioxydum
565 3137 779 3204 carbonicum
808 3136 989 3215 emittitur3
1014 3136 1123 3222 liquor
1144 3137 1193 3201 ita
1215 3141 1362 3222 paratus,

235 3240 349 3307 addito
371 3243 520 3308 chloreto
543 3243 675 3322 ferrico,
700 3243 845 3309 colorem
867 3242 1102 3308 rubrofuscum
1125 3241 1240 3307 trahit.

277 3349 394 3434 Aquae
413 3349 645 3416 centimetrum
656 3350 847 3418 cubicorum
860 3354 879 3416 5
892 3372 967 3416 cum
979 3348 1180 3417 Carbonatis
1191 3349 1363 3415 Guaiacoli

236 3459 418 3540 gramamto
444 3459 460 3519 1
484 3462 782 3542 conquassatorum
808 3456 943 3535 librata,
974 3455 1089 3522 addito
1119 3453 1269 3520 chloreto
1295 3452 1363 3518 fer·

236 3559 312 3639 rico,
330 3561 483 3626 caemlea
504 3583 547 3626 ne
564 3562 648 3628 fiant
669 3584 755 3628 neve
781 3561 970 3628 fusceecant
992 3583 1077 3626 neve
1099 3560 1215 3626 addito
1237 3560 1363 3626 nitrate

237 3667 405 3753 argentico
427 3669 615 3734 turbantur.

278 3773 450 3841 Carbones
492 3776 673 3856 Guaiacoli,
717 3776 833 3842 addita
866 3775 952 3841 acidi
986 3774 1139 3842 sulfur-ici
1172 3773 1362 3861 quantitate

236 3879 434 3968 decemplici,
459 3881 623 3967 liquorem
646 3882 803 3967 praebeat
826 3882 947 3948 coloris
970 3887 1149 3967 expertem.

279 3987 327 4053 De
357 3987 559 4056 Carbonatis
589 3989 761 4056 Guaiacoli
790 3988 1070 4075 milligrammatis
1093 3989 1158 4052 500
1180 3984 1362 4051 combustis

237 4115 316 4178 quae
338 4103 548 4182 supererunt,
572 4096 752 4182 ponderari
774 4101 950 4182 nequeant.
