3530 5026
857 498 918 559 128

381 688 430 786 ÷
465 693 762 786 Exiraciun
797 689 986 786 011111ιί
1023 691 1305 788 benedicti.

365 869 467 934 Misce

418 982 543 1034 nerbas
573 981 691 1033 cardui
717 981 878 1032 benedicti
905 977 1087 1034 concisae
1117 983 1154 1034 ei
1183 984 1372 1036 contusae

457 1081 593 1152 partes
614 1082 768 1133 centum
795 1117 1364 1136 ...............
1394 1077 1450 1134 100

420 1181 530 1242 Aquae
550 1178 738 1230 ebullientis
759 1173 946 1250 pertibus
967 1173 1200 1248 quingentis
1201 1219 1365 1232 .....
1393 1174 1450 1231 500

363 1271 479 1348 Misia,
511 1269 705 1357 frequenter
734 1271 877 1355 agitans,
901 1292 960 1356 per
983 1271 1082 1334 horas
1108 1273 1154 1334 12
1172 1292 1305 1356 sepone,
1330 1271 1448 1336 deinde

317 1378 465 1463 exprime
489 1384 523 1442 et
545 1399 689 1442 massam
712 1399 901 1462 expressam
925 1376 1041 1441 eodem
1065 1375 1163 1442 modo
1188 1383 1295 1442 111111
1317 1400 1377 1463 per

417 1492 527 1553 Aquae
547 1491 734 1543 ebullientis
755 1491 890 1561 paries
911 1491 1116 1542 trecentas
1124 1529 1365 1544 .......
1393 1485 1450 1542 300

321 1589 355 1649 st
377 1583 483 1648 mixis
506 1605 565 1668 per
587 1585 687 1648 horas
711 1586 731 1649 6
755 1603 888 1668 sepone.

366 1689 526 1776 Liquores
548 1691 716 1756 coniuncti
740 1689 794 1755 fec
816 1689 979 1766 desidant,
1003 1690 1084 1766 cols,
1108 1689 1218 1754 colaia
1240 1711 1384 1775 evapora
1406 1691 1448 1754 od

320 1801 506 1863 exirecium
527 1797 680 1882 spissum.

367 1905 563 1970 Extractum
576 1903 700 1970 Cerdui
713 1902 886 1980 benedicti,
899 1903 1015 1968 addita
1027 1925 1114 1988 aqua
1125 1907 1274 1988 (1:10),
1288 1904 1448 1989 liquorem

320 2011 457 2096 praebet
479 2011 659 2088 turbidum,
681 2011 809 2096 saporis
829 2010 971 2075 subsalsi
995 2015 1029 2075 ei
1051 2010 1229 2088 subamari,
1254 2010 1320 2095 qui,
1334 2009 1448 2074 addito

321 2119 459 2204 spiritus
481 2118 554 2205 peri
576 2118 754 2196 volumine,
782 2139 849 2182 non
872 2117 1033 2183 clarescit.

459 2553 509 2651 ÷
543 2556 839 2649 [lisseium
877 2552 1227 2649 Bassariiiae.

365 2736 467 2801 Misce

418 2847 553 2898 corticis
583 2847 774 2898 mamillae
806 2841 846 2898 in
873 2839 1073 2917 pulverem
1105 2838 1183 2917 (Bm)
1215 2838 1370 2898 redacti

459 2946 594 3016 paries
615 2945 768 2996 centum
797 2981 1364 2997 ...............
1393 2938 1451 3030 100

419 3047 528 3106 Aquae
549 3042 736 3095 ebullientis
757 3037 942 3113 partibus
963 3035 1289 3112 quadringentis.
1317 3083 1323 3098 .
1358 3081 1364 3093 .
1392 3035 1450 3094 400

365 3135 481 3212 Mixto,
511 3133 706 3220 frequenter
728 3135 870 3220 agitans,
895 3156 955 3219 per
978 3135 1077 3198 horas
1102 3135 1144 3196 24
1168 3154 1304 3218 sepone;
1329 3132 1447 3197 deinde

321 3242 467 3330 exprime
491 3248 526 3306 ei
548 3263 691 3306 messem
715 3262 904 3328 expressum
929 3241 1045 3305 eodem
1069 3238 1167 3304 modo
1192 3244 1299 3305 treola
1322 3261 1382 3325 per

418 3359 529 3418 squas
549 3354 735 3407 ebullientis
755 3355 890 3426 partes
911 3354 1117 3407 trecentas
1123 3390 1365 3406 .......
1392 3346 1449 3403 300

320 3453 355 3514 ei
378 3447 484 3514 mixta
507 3469 565 3532 per
588 3449 688 3511 horas
714 3449 754 3511 12
779 3467 911 3532 sepone.

365 3555 525 3640 Liquores
547 3555 743 3620 coniunctos
765 3552 839 3619 cola
857 3559 893 3619 ei
911 3554 1027 3630 colato,
1048 3574 1116 3618 non
1136 3551 1277 3638 amplius
1296 3557 1446 3638 purgata,

320 3683 464 3746 evapore
486 3661 528 3725 ad
550 3666 736 3726 samonium
759 3661 912 3746 spissum.

366 3769 562 3834 Exiraoium
596 3767 803 3845 Cascarillee‚
839 3767 953 3833 eddim
983 3788 1070 3853 equa
1091 3769 1125 3851 (1
1144 3794 1178 3827 =
1197 3769 1263 3849 10),
1287 3766 1447 3851 liquorem

319 3876 457 3962 praebet
491 3875 670 3952 turbidum,
706 3875 836 3961 saporis
870 3875 1042 3960 perornari,
1078 3875 1144 3960 qui,
1172 3873 1287 3939 addito
1311 3872 1448 3958 spiritus

320 3983 393 4068 pari
414 3982 592 4067 volumine,
615 3983 775 4048 clarescit.
