3530 5026
822 499 886 562 123

286 694 494 760 aromaticus.
518 692 653 759 Pondus
675 692 863 778 specificam
884 693 980 772 1,072
992 694 1035 759 ad
1049 695 1156 773 1,074.
1170 693 1299 760 Galoris
1314 694 1420 781 gradu

288 798 357 865 fere
388 801 469 865 2520
496 800 624 866 ebullit.
661 799 826 884 Eugenoli
857 806 954 886 gutta
985 805 1000 864 1
1026 801 1062 865 in
1085 823 1190 887 aquae
1214 802 1420 867 centimetris

287 907 410 973 cubicis
433 909 476 972 30
499 909 609 973 soluta
632 907 745 972 odoris
767 908 1061 993 caryopbyliorum
1084 908 1160 993 puri
1183 908 1238 973 sit.

332 1014 495 1100 Eugenoli
513 1018 630 1100 guttae
649 1016 671 1078 3
688 1014 725 1078 in
740 1014 878 1099 spiritus
890 1015 1096 1080 centimetris
1108 1014 1232 1080 cubicis
1246 1019 1265 1080 5
1277 1015 1417 1094 solutae,

287 1120 401 1186 addito
432 1122 581 1187 chloreto
612 1121 743 1200 fenico,
775 1122 919 1186 colorem
949 1121 1051 1187 indici
1074 1123 1222 1200 trahunt,
1247 1123 1305 1209 qui
1328 1122 1421 1188 color

289 1228 450 1312 paulatim
486 1228 523 1292 in
560 1227 702 1292 viridem
733 1229 864 1307 transit,
895 1227 1015 1294 deinde
1046 1227 1206 1314 pallescit.
1255 1228 1421 1316 Eugenoli

287 1334 393 1418 guttis
407 1338 426 1399 5
445 1357 520 1400 cum
540 1357 645 1420 aquae
656 1333 756 1401 calcis
768 1335 973 1401 centimetris
985 1335 1110 1402 cubicis
1124 1337 1165 1400 10
1177 1337 1417 1422 conquassatis,

288 1439 380 1507 flocci
400 1447 628 1508 secernuntur.
654 1441 818 1529 Eugenoli
830 1443 1028 1508 centimetro
1040 1442 1155 1508 cubico
1171 1447 1187 1506 l
1201 1464 1307 1528 aquae
1318 1443 1421 1508 centi-

288 1548 403 1613 metris
425 1548 550 1614 cubicis
575 1552 617 1614 20
641 1554 676 1614 et
699 1549 877 1614 solutionis
901 1549 1054 1634 hydratis
1077 1549 1198 1614 natrici
1214 1549 1420 1615 centimetris

288 1654 412 1721 cubicis
442 1657 464 1719 4
495 1656 611 1734 mixto,
642 1657 752 1742 liquor
781 1656 922 1721 exsistet
952 1662 1085 1722 tantum
1113 1655 1232 1721 leviter
1256 1656 1419 1734 turbidus,

290 1759 406 1826 flavus.
444 1762 663 1848 Eugenolum,
699 1762 815 1828 addito
843 1763 964 1848 spiritu
995 1764 1049 1828 vel
1079 1763 1214 1828 aethere
1244 1764 1298 1828 vel
1328 1763 1422 1828 acido

291 1869 413 1934 acetico
447 1873 664 1934 concontrato
698 1890 760 1955 pro
794 1869 943 1955 qualibet
988 1870 1149 1955 portione,
1186 1870 1292 1935 mixta
1325 1868 1415 1935 clara

290 1975 454 2059 praebeat,
479 1976 514 2040 in
538 1976 676 2061 spiritua
699 1976 799 2041 diluti
822 1976 1050 2041 voluminibus
1075 1979 1093 2039 2
1119 1977 1279 2042 solvatur.

334 2082 497 2167 Eugenoli
532 2087 649 2168 guttae
685 2087 715 2162 5,
746 2105 822 2148 oum
857 2105 961 2168 aquae
996 2083 1202 2149 centimetris
1225 2082 1350 2148 cubicis
1376 2084 1417 2147 10

292 2193 473 2266 concoctae,
510 2189 660 2254 chartam
694 2189 953 2275 exploratoriam
988 2189 1174 2255 caeruleam
1209 2211 1251 2253 na
1277 2188 1421 2253 reddant

293 2293 438 2373 rubram;
463 2294 581 2381 liquor,
609 2296 838 2381 refrigeratus,
862 2297 1018 2374 filtratus
1043 2296 1159 2362 addito
1182 2297 1332 2360 chloreto
1356 2294 1421 2358 ier-

292 2400 366 2479 rico,
389 2402 628 2487 griseoviridis,
653 2425 695 2467 ne
718 2425 798 2468 vero
822 2402 993 2468 caenuleus
1016 2403 1076 2468 fiat
1097 2403 1313 2490 (paenorum).

727 2865 986 2959 [streete.
1066 2822 1067 2826 i

334 3039 375 3105 In
405 3041 566 3106 extractis
589 3041 758 3126 parandis,
783 3043 847 3108 nisi
872 3041 971 3107 aliter
994 3041 1236 3127 praescriptum
1260 3041 1334 3120 erit,
1359 3041 1422 3105 hae

293 3148 407 3213 valent
428 3169 575 3213 normae.

337 3253 511 3320 Elementa
534 3276 593 3341 per
616 3276 737 3341 aquam
759 3256 984 3321 extrahuntur
1006 3255 1205 3321 macerando
1229 3261 1287 3320 aut
1308 3252 1421 3318 infirn-

293 3359 410 3439 dendo,
434 3383 494 3447 per
516 3362 671 3447 spiritum
693 3367 727 3427 et
749 3384 810 3448 per
827 3363 964 3427 aethera
975 3362 1198 3428 extrahuntur
1210 3361 1420 3447 percolendo.

335 3466 455 3533 Infuaa
477 3490 536 3554 per
558 3479 678 3555 aquam
702 3475 819 3554 parata
841 3469 957 3534 statim
980 3468 1023 3533 ad
1045 3469 1164 3535 caloris
1187 3468 1328 3554 gradum
1341 3469 1421 3532 90um

293 3573 445 3640 calefiant
478 3580 513 3641 ct
546 3575 729 3640 desidendo
763 3580 863 3661 atque
898 3574 1039 3642 colando
1073 3578 1276 3661 purgentur3
1313 3575 1422 3639 colata

292 3681 411 3746 caloris
448 3681 556 3767 gradu
588 3703 657 3746 non
691 3684 766 3768 plus
800 3704 900 3769 quam
935 3683 993 3748 90⁰
1027 3682 1070 3746 ad
1103 3680 1235 3768 pondus
1268 3679 1424 3746 elementi

292 3787 434 3853 adhibiti
457 3788 671 3874 evaporando
694 3796 783 3856 sunt.
831 3789 905 3869 Quo
928 3789 1020 3856 facto
1042 3790 1153 3875 liquor
1175 3811 1234 3875 per
1256 3789 1355 3854 horas
1381 3788 1424 3850 24

292 3894 365 3959 loco
398 3894 523 3981 frigido
558 3902 749 3981 seponatur,
785 3897 903 3962 deinde
937 3896 1066 3963 coletur
1098 3901 1132 3961 et
1164 3895 1283 3962 caloris
1316 3893 1423 3979 gradu

293 4000 439 4068 indicato
462 4001 505 4066 ad
528 4002 780 4086 spissitudinem
799 4004 993 4090 requisitam
1014 4004 1227 4088 evaporando
1238 4002 1421 4085 redigatur.

294 4105 331 4172 Si
352 4109 440 4175 inter
454 4109 727 4194 evaporationem
739 4111 774 4176 in
787 4111 960 4197 superficie
971 4111 1116 4176 cuticula
1128 4110 1277 4185 exsistet,
1291 4106 1423 4170 assidue

294 4216 489 4300 agitandum
516 4217 590 4281 erit.
