3584 5026
864 501 929 563 234

332 697 516 763 frustorum
550 696 717 772 fibrarum,
753 694 788 757 in
822 693 943 780 quibus
973 693 1109 758 cellulae
1138 693 1306 759 radiorum
1336 693 1460 758 medul-

331 805 451 870 larium
481 809 671 868 transverse
694 801 823 888 positae
846 807 934 868 sunt.
959 801 1114 866 Glomera
1136 799 1343 880 fuscorubra,
1368 823 1463 867 enor-

331 910 431 977 miter
471 910 626 996 globosa:
667 928 797 973 massae
831 907 977 973 inclusae
1011 909 1227 974 cohaerentes
1259 907 1460 987 cellularum

330 1019 451 1104 quibus
472 1018 575 1083 fibrae
597 1015 832 1101 crystallorum
854 1020 1027 1094 constant3
1050 1016 1087 1080 in
1108 1015 1311 1100 glomeribus
1322 1015 1463 1101 singulis

332 1125 464 1210 singula
486 1123 646 1209 crystalla
668 1144 798 1207 magna,
824 1122 993 1209 simplicia,
1018 1123 1179 1188 lateribus
1201 1123 1325 1202 multis,
1341 1123 1462 1188 coloris

331 1232 490 1318 expertia,
515 1231 591 1317 plus
613 1230 765 1295 minusve
787 1231 982 1316 conspicua;
1003 1230 1083 1296 talia
1101 1230 1261 1315 crystalla
1272 1228 1382 1296 soluta
1393 1251 1462 1294 non

330 1361 406 1404 raro
437 1339 473 1402 in
503 1338 639 1424 pulvere
666 1358 797 1423 quoque
820 1337 1047 1402 inveniuntur.
1072 1337 1229 1402 Frustula
1251 1337 1461 1402 membranae

331 1447 420 1510 vasis
438 1445 554 1510 multis
570 1443 763 1510 scrobiculis
775 1443 962 1529 duplicibus
973 1443 1155 1522 rimalibus,
1167 1443 1289 1508 densis.
1314 1441 1462 1508 Cellulae

330 1552 649 1640 perenchymaticae‚
685 1550 858 1635 oblongae,
894 1550 1087 1617 scrobiculis
1119 1549 1274 1616 rotundis
1302 1549 1339 1614 in
1361 1571 1462 1613 mem-

330 1660 444 1726 branis
476 1658 625 1724 radiatis.
672 1657 830 1743 Amylum
860 1657 964 1722 deest.
1011 1658 1117 1724 Sucus
1147 1656 1291 1722 infector
1319 1654 1462 1740 hydrate

330 1767 468 1834 chlorali
491 1766 688 1843 extrahitur,
711 1785 798 1849 aqua
819 1785 888 1829 non
912 1765 1108 1831 extrahitur.

375 1873 468 1940 Odor
490 1874 545 1938 vel
566 1892 667 1959 sapor
688 1871 809 1936 nullus.

376 1980 491 2045 Pulvis
522 1979 621 2065 Ligni
650 1978 818 2046 Santalini
841 1979 1035 2043 combustus
1058 1978 1178 2045 cineris
1200 1999 1243 2044 ne
1265 1978 1341 2063 plus
1363 1997 1462 2063 quam

331 2093 444 2174 partes
467 2087 667 2154 centesimas
691 2087 712 2150 3
734 2085 911 2171 relinquat.

799 2309 1002 2325 ψ

540 2467 590 2566 ·Ι·
625 2469 835 2588 Lignum
875 2467 1176 2564 Sesselras.

376 2648 519 2734 Lignum
541 2648 673 2726 radicis
698 2647 820 2713 cortice
842 2646 1007 2725 indutum,
1032 2645 1122 2733 quod
1145 2645 1283 2730 praebet
1318 2644 1462 2708 Sassu-

332 2756 423 2821 fras
454 2753 700 2843 offilcinale,
728 2754 825 2818 Nuus
849 2759 883 2819 et
906 2754 1040 2818 Enseu.
1068 2752 1201 2818 Handb.
1225 2751 1460 2816 Med-Pham

333 2862 408 2927 Bot.
432 2861 479 2926 II.
504 2863 587 2940 4183
611 2861 717 2941 Nuus,
742 2861 834 2947 Syst.
859 2860 993 2925 Laurin.
1018 2862 1093 2924 488.

376 3021 498 3088 Frusta
518 3043 649 3107 magna,
673 3021 869 3088 centimetra
880 3022 924 3086 ad
937 3024 979 3085 20
991 3040 1111 3099 crassa,
1124 3019 1281 3098 enormia,
1294 3018 1462 3084 interdum

331 3149 472 3194 ramosa.
497 3127 624 3193 Cortex
646 3129 834 3194 millimetra
855 3131 874 3192 2
897 3128 940 3194 ad
960 3131 1134 3206 3crassus,
1147 3147 1225 3214 pars
1237 3126 1462 3193 exteriortam

331 3235 441 3300 mollis
463 3256 564 3322 quam
586 3239 702 3300 cortex
724 3236 892 3314 subsreus,
916 3235 1100 3302 introrsum
1122 3234 1246 3313 durior,
1259 3239 1462 3317 exbasqua-

331 3342 394 3406 mis
416 3342 637 3420 corticalibus,
662 3341 896 3428 iuscogriscus,
921 3343 983 3421 vel,
1007 3343 1067 3408 ubi
1089 3341 1217 3427 squami
1239 3361 1346 3426 nuper
1361 3337 1464 3403 soluti

332 3455 420 3527 sunt,
440 3449 561 3516 coloris
579 3449 807 3515 cinnamomei.
828 3449 971 3535 Lignum
989 3449 1071 3527 leve,
1092 3447 1241 3525 secabile,
1261 3445 1372 3524 fissile,
1386 3445 1463 3510 sub-

332 3555 464 3622 fuscum
495 3556 548 3620 vel
573 3556 695 3642 pallide
717 3557 872 3635 rubrum;
903 3555 1016 3621 circuli
1039 3555 1142 3621 annui
1164 3554 1260 3620 valde
1282 3551 1461 3638 conspicui,

332 3663 522 3730 millimetra
544 3664 587 3728 ed
611 3666 630 3728 6
653 3663 766 3741 crassi,
790 3685 888 3749 saepe
911 3669 1023 3728 autem
1046 3663 1152 3727 multo
1167 3660 1354 3738 tenuiores3
1376 3657 1461 3723 radii

332 3770 530 3836 medullares
549 3771 666 3850 crebn',
687 3775 821 3849 tenuss;
842 3771 989 3856 plerique
1000 3770 1092 3856 globi
1103 3789 1259 3834 vasorum
1271 3767 1463 3853 plerumque

331 3878 367 3941 in
389 3877 483 3962 ligno
505 3899 618 3943 verno.

379 3984 472 4049 Odor
505 3985 601 4050 valde
631 3985 842 4062 aromaticus
867 3983 1129 4062 foeniculaceus3
1161 4003 1260 4067 sapor
1283 3979 1461 4046 subdulcis.

377 4091 519 4176 Lignum
532 4093 686 4177 stirpium
698 4093 749 4156 vel
762 4113 931 4156 ramorum
942 4112 1059 4175 parum
1071 4086 1460 4154 aromaticumreiciatur.
