3466 5038
813 501 855 564 35

596 693 1066 814 immmfflum

740 855 924 936 mmm

303 998 466 1083 Amylum
491 998 654 1064 seminum
677 1020 762 1083 quae
783 998 922 1083 praebet
945 996 1088 1082 Oryza
1115 997 1270 1075 sativa,
1295 997 1396 1062 Lmu.

262 1101 317 1188 Sp.
342 1104 395 1172 Pl.
419 1107 497 1169 333.

304 1247 423 1312 Pulvis
446 1247 672 1324 tenuissimus,
697 1247 802 1324 albus,
827 1247 939 1311 odoris
963 1253 998 1312 et
1021 1247 1150 1332 saporis
1173 1267 1302 1332 expers.

303 1354 466 1438 Amylum
485 1352 626 1438 Oryzae,
646 1374 721 1418 cum
739 1374 845 1439 aquae
865 1353 1016 1438 partibus
1029 1356 1071 1418 50
1083 1357 1285 1431 concoctum,
1295 1354 1397 1418 muci-

260 1459 407 1544 loginem
421 1459 525 1544 amyli
541 1459 677 1545 praebet
692 1481 761 1524 non
777 1459 989 1545 perlucidam,
1007 1459 1120 1525 odoris
1132 1459 1202 1524 fere
1215 1465 1395 1546 expertem,

259 1565 406 1631 colorem
429 1567 565 1630 chartae
587 1566 829 1652 exploratorias
852 1588 920 1631 non
942 1570 1140 1630 mutantem.

303 1671 534 1757 Mioroscopia.
566 1673 679 1738 Grena
701 1673 886 1758 composita
909 1694 926 1737 e
942 1673 1056 1737 multis
1072 1673 1185 1758 grauis
1200 1672 1395 1750 minoribus,

260 1799 404 1864 corpora
426 1779 628 1865 ellipsoides,
653 1779 728 1864 plus
750 1780 861 1844 minus
886 1782 927 1844 25
951 1805 986 1856 μ.
999 1779 1110 1866 longe.
1135 1780 1247 1845 Grana
1266 1780 1397 1844 minora

260 1885 432 1970 polyedra‚
467 1885 632 1951 diametro
665 1886 740 1971 plus
774 1886 884 1950 minus
919 1890 998 1962 5μ.
1044 1886 1077 1950 N
1080 1886 1192 1951 uoleus
1227 1887 1393 1964 centralis,

260 2013 501 2077 nonnunquam
530 1991 616 2056 rima
638 2013 714 2056 aere
736 1992 873 2077 impleta
896 1993 1073 2071 indicatus,
1098 2014 1197 2078 saepe
1219 1992 1304 2057 nulli
1327 2015 1395 2058 cer-

260 2097 402 2163 nendus.
449 2098 585 2164 Praeter
617 2098 724 2162 multa
757 2119 861 2183 grana
894 2099 1034 2177 minora,
1059 2104 1213 2184 separato
1235 2105 1269 2165 et
1291 2121 1397 2184 grana

261 2204 448 2289 composita
477 2205 514 2268 in
544 2205 668 2288 Amylo
691 2203 822 2289 Oryzae
845 2226 943 2290 saepe
966 2205 1100 2270 crebrae
1123 2227 1252 2270 massae
1275 2206 1396 2271 horum

261 2310 491 2388 inveniuntur,
533 2309 701 2375 interdum
739 2311 877 2376 cellulae
910 2311 1024 2397 amylo
1058 2334 1194 2397 prorsus
1228 2313 1394 2398 impletae.

262 2417 326 2480 Pili
348 2417 579 2482 unicellulares
602 2439 644 2482 ne
668 2417 781 2482 adsint
803 2419 948 2502 (farina
970 2423 1155 2501 avenaceo).

306 2523 465 2608 Amylum
500 2523 639 2608 Oryzae,
665 2523 784 2588 caloris
807 2524 914 2608 gradu
940 2527 1019 2590 100⁰
1042 2526 1212 2603 siccatum,
1237 2524 1394 2610 ponderis

263 2635 375 2714 portes
409 2629 607 2694 centesimas
641 2651 683 2694 ne
718 2630 793 2715 plus
828 2652 926 2716 quam
963 2633 1004 2695 12
1034 2632 1169 2697 amittat
1199 2652 1283 2696 neve
1306 2652 1394 2696 com-

263 2735 397 2800 bustum
424 2735 546 2800 cineris
569 2735 645 2820 plus
669 2757 768 2820 quam
792 2740 919 2822 partem
942 2735 1157 2801 centesimam
1182 2735 1393 2821 lrelinquat.

726 2931 817 2940 .—..--
821 2933 927 2941 ..ιι-...-

520 3041 1057 3165 ψλωωωὴηη

307 3213 466 3300 Amylum
482 3213 635 3278 tuberum
647 3213 880 3299 quaepraebet
903 3213 1107 3278 Solarium
1129 3213 1391 3291 tuberosum,

265 3319 361 3384 L1uu.
386 3320 444 3405 Sp.
469 3319 517 3384 Pl.
538 3323 612 3384 185.

306 3463 420 3528 Pulvis
451 3461 591 3540 nitidus,
626 3461 732 3540 albus,
769 3461 882 3526 odoris
905 3482 1033 3546 expers,
1058 3461 1187 3546 saporis
1210 3461 1391 3546 perexigui,

264 3569 348 3634 inter
369 3569 496 3655 digitos
518 3568 696 3654 crepitans.

303 3676 464 3760 Amylum
476 3675 602 3752 Solani,
614 3696 689 3739 oum
700 3695 805 3760 equae
821 3674 973 3759 partibus
986 3677 1028 3738 50
1040 3678 1243 3752 concoctum,
1256 3674 1392 3739 mucila-

264 3783 372 3866 giuem
412 3781 517 3868 amyli
550 3781 688 3866 praebet
720 3781 934 3868 perlucidam,
970 3781 1226 3858 subeaeruleam,
1261 3801 1392 3867 semper

264 3889 431 3954 nonnullis
467 3887 623 3953 mussulis
656 3889 850 3972 praeditam,
886 3887 998 3954 odoris
1032 3891 1212 3972 expertem,
1247 3886 1390 3950 colorem

264 3995 396 4060 chartae
419 3994 664 4079 exploratorias
686 4018 755 4061 non
778 4001 974 4061 mutantem.

307 4101 535 4186 Microscopia.
585 4100 742 4187 Pleraque
775 4123 881 4187 grene
914 4101 1094 4188 simplicia,
1137 4100 1322 4186 composita
1356 4103 1389 4162 et

266 4207 530 4292 semicomposite
551 4209 589 4271 in
613 4227 739 4292 quoque
763 4212 961 4293 praeparato
982 4208 1210 4285 inveniuntur,
1247 4204 1305 4268 sed
1328 4223 1388 4288 pro
