3582 5034
847 543 912 606 325

355 738 490 804 Radicis
513 737 708 823 Liquiritiae
731 737 841 823 pulvis
865 737 1004 803 eradico
1017 742 1123 803 strato
1136 737 1295 802 suberoso
1307 737 1447 802 liberata

314 849 459 930 paretur.

357 951 577 1037 Mieroscopia
599 950 757 1037 pulveris.
788 951 902 1037 Amyli
924 951 1114 1037 plurimum,
1147 973 1251 1037 grana
1275 951 1446 1036 simplicia,

312 1058 450 1143 globosa
471 1059 527 1123 vel
550 1058 702 1144 oblonga,
727 1059 872 1124 maxima
896 1061 937 1123 20
962 1083 986 1134 μ
1009 1059 1119 1144 longa,
1132 1059 1297 1144 permulta
1308 1059 1448 1138 minora3

312 1166 448 1230 nucleus
470 1166 637 1243 centralis3
662 1171 767 1230 strata
791 1187 908 1251 parum
931 1166 1119 1252 conspicue.
1156 1166 1274 1230 Fibrae
1297 1166 1448 1251 pechyti-

312 1271 401 1350 chae,
426 1273 649 1358 longissimas,
667 1273 861 1359 plerumque
874 1274 909 1337 in
921 1273 1098 1339 fasciculos
1110 1273 1276 1340 collectae.
1301 1271 1448 1338 Cellulae

314 1401 331 1442 e
369 1379 546 1464 crystallis,
582 1401 666 1465 quae
701 1402 799 1466 saepe
834 1381 989 1466 vaginam
1023 1381 1146 1446 circum
1169 1379 1328 1444 fibrarum
1351 1378 1449 1444 fasci-

314 1486 405 1550 culos
439 1486 602 1564 efficiunt3
638 1487 744 1552 multu
777 1508 907 1572 quoque
941 1488 1099 1573 crystalla
1131 1488 1257 1567 soluta3
1293 1486 1450 1572 crystalla

314 1593 563 1679 quinquangula
587 1594 639 1657 vel
662 1594 853 1678 sexangula,
873 1616 976 1680 saepe
988 1595 1141 1681 oblonga.
1165 1595 1253 1659 Vasa
1264 1595 1450 1680 quinquan-

314 1701 391 1785 guln
411 1701 464 1764 vel
477 1701 667 1787 sexangula,
682 1700 875 1767 scrobiculis
886 1701 1083 1786 duplicibus,
1096 1702 1278 1765 rimalibus.
1304 1699 1451 1766 Oellulaa

315 1807 624 1893 perenchymaticae
635 1809 845 1893 leptotichae,
858 1809 963 1894 amyli
974 1809 1101 1894 plenae.
1115 1807 1261 1874 Oellulae
1273 1807 1450 1872 suberosae

315 1915 430 1979 adesse
464 1920 615 2000 possunt,
651 1920 686 1979 at
720 1916 754 1979 in
789 1915 950 2001 liquiritia
973 1916 1111 1981 Russica
1134 1915 1294 1980 mundata
1317 1913 1448 1978 desunt.

316 2021 357 2084 In
386 2020 481 2086 acido
505 2020 665 2088 sulfurico
689 2021 829 2086 fortiore
854 2022 964 2107 pulvis
987 2023 1132 2088 colorem
1154 2023 1383 2086 aurantiscum
1408 2021 1450 2084 ad

317 2127 442 2192 flavum
466 2128 580 2194 trahit.

359 2234 469 2300 Radix
491 2233 687 2320 Liquiritiae
711 2235 824 2300 odoris
847 2257 966 2322 expers
989 2240 1050 2314 est,
1076 2237 1205 2320 saporis
1228 2257 1310 2321 pure
1333 2234 1449 2299 dulcis.

359 2340 492 2406 Radicis
515 2340 710 2427 Liquiritias
734 2343 844 2428 pulvis
867 2343 996 2434 saporis
1020 2343 1064 2408 sit
1083 2343 1190 2408 dulcis
1210 2341 1318 2427 qualis
1329 2341 1450 2406 radicis

317 2453 377 2524 est,
401 2467 509 2534 neque
530 2448 632 2513 ullius
655 2448 765 2513 alieni.

360 2554 494 2620 Radicis
507 2554 701 2640 Liquiritiae
717 2557 853 2641 pulvere
868 2577 943 2621 cum
955 2577 1060 2642 aquam
1072 2556 1262 2642 quantitate
1273 2554 1452 2640 centuplici

315 2667 484 2738 concocto,
505 2662 651 2728 decoctis
671 2665 861 2748 evaporatio
883 2663 999 2748 iisque,
1014 2685 1097 2748 quae
1110 2667 1318 2748 supererunt,
1331 2661 1451 2727 caloris

316 2767 424 2852 gradu
448 2771 527 2832 100ο
549 2769 691 2848 siccatis,
716 2792 784 2834 non
807 2770 918 2834 minus
941 2791 1041 2855 quam
1065 2775 1177 2855 partes
1196 2769 1396 2834 centesimae
1408 2771 1451 2832 30

316 2874 557 2960 relinquantur.

361 2981 494 3046 Redicis
518 2981 713 3068 liquiritiae
736 2983 847 3068 pulvis
866 2983 1060 3049 combustus
1080 2982 1253 3049 cinerisne
1265 2982 1340 3066 plus
1352 3003 1452 3067 quam

318 3093 429 3171 partes
451 3089 650 3154 centesimas
675 3092 694 3155 6
716 3091 895 3176 relinquat.

541 3406 591 3504 ·l·
626 3411 791 3504 Radix
826 3411 1145 3504 Retentise.
1228 3357 1230 3363 i

364 3585 473 3651 Radix
518 3586 676 3672 primaria
720 3610 853 3654 ramosa
899 3610 998 3674 quem
1043 3587 1181 3673 praebet
1226 3585 1453 3652 Krsmeria

322 3692 533 3771 triandra,
558 3694 647 3758 Rulz
670 3700 705 3759 et
730 3696 812 3760 va.
838 3695 888 3760 Fl.
914 3696 986 3760 Per.
1010 3695 1038 3759 Ι.
1064 3697 1116 3759 61.

365 3833 486 3900 Cressa
509 3836 706 3901 centimetra
728 3837 771 3902 ad
784 3841 855 3922 3‚5;
879 3837 964 3903 rami
976 3837 1157 3903 decimetra
1169 3836 1339 3921 complura
1351 3835 1452 3919 longi,

319 3941 503 4025 cylindrici,
527 3943 699 4030 superficie
722 3944 797 4029 plus
821 3945 974 4010 minirsve
997 3944 1167 4010 undulata.
1207 3941 1334 4008 Cortex
1356 3940 1454 4005 milli·

321 4053 466 4112 metrum
495 4053 512 4112 1
536 4049 579 4114 ad
605 4053 656 4128 1‚5
680 4072 820 4130 crassus,
854 4051 924 4118 fere
948 4051 1056 4117 sexies
1080 4055 1175 4115 tento
1199 4049 1333 4114 tenuior
1353 4068 1452 4132 quam

319 4153 459 4239 lignum,
502 4154 599 4222 facile
640 4157 733 4242 ligno
774 4159 938 4236 avellitur,
971 4158 1055 4224 levis
1091 4158 1145 4222 vel
1180 4155 1451 4240 subsquamosus,

321 4281 396 4325 cum
432 4261 552 4327 teritur
586 4263 730 4342 nitescit,
765 4264 993 4344 rubrofuscus,
1026 4265 1133 4331 multo
1157 4261 1327 4330 obscurior
1350 4261 1453 4346 ligno,
