3544 5050
835 535 900 600 459

297 732 370 796 elue
393 731 473 795 dum
495 731 604 816 liquor
615 731 764 795 defluens
790 729 939 795 neutrius
962 730 1006 795 sit
1017 731 1197 796 reactionis
1209 736 1243 796 et
1262 731 1433 796 alcaloide-

298 860 394 903 orum
405 859 534 924 expete.
559 838 600 902 In
612 839 745 903 filtratin
757 838 888 903 acidum
899 861 968 902 non
984 839 1208 915 coniunctum,
1222 838 1346 904 additis
1358 840 1434 903 hae-

299 943 496 1030 matoxylini
520 945 626 1030 guttis
650 947 679 1023 2,
702 945 875 1010 retrotitra
889 967 950 1031 per
960 944 1056 1010 alcali
1066 945 1313 1009 centinormale.
1338 944 1435 1009 Acidi

297 1051 467 1116 coniuncti
499 1052 695 1117 centimetra
717 1053 833 1117 cubica
855 1051 987 1137 singula
1009 1051 1158 1116 indicant
1180 1051 1435 1116 alcalcideorum

300 1157 568 1242 milligrammata
591 1158 678 1236 3,64.

297 1281 410 1342 Dcses
431 1282 610 1343 maximae
632 1283 792 1360 singulae
813 1273 1056 1360 grammatum
1077 1283 1135 1360 at.

298 1379 411 1442 Dasea
432 1381 612 1441 maximae
626 1381 663 1441 in
675 1382 780 1442 horas
791 1384 936 1442 vicenas
946 1386 1137 1455 quaternas
1148 1380 1430 1457 grammatumc

765 1605 965 1615 ,-...-...--

528 1751 577 1850 ·Ι·
612 1756 864 1849 Tinctum
902 1754 1127 1851 Sueeini.

348 1922 526 2009 Concoque
551 1945 625 1988 cum
648 1925 869 1990 restillatione
891 1946 951 2010 per
973 1924 1089 1988 horam
1115 1928 1131 1986 1

400 2036 527 2087 succini
572 2032 612 2088 in
659 2032 858 2108 pulverem
899 2032 978 2108 (Bac)
1020 2030 1175 2088 redacti
1226 2036 1360 2108 partes

443 2129 591 2204 viginti
619 2170 1351 2189 ...................
1400 2127 1438 2184 20

305 2230 338 2290 ct

400 2337 542 2403 spiritu·
568 2340 701 2410 partes
729 2341 882 2392 centum
905 2377 1354 2393 ............
1383 2331 1441 2388 100

346 2430 438 2508 Quae
462 2437 638 2518 postquam
661 2431 863 2510 refrixerint,
877 2431 998 2517 spiritu
1009 2431 1125 2518 supple
1137 2429 1179 2494 ad
1192 2429 1323 2515 pondus
1334 2429 1436 2515 prius,

302 2559 369 2622 quo
391 2537 482 2602 facto
505 2538 603 2603 filtra.

350 2643 473 2728 Liquor
495 2643 676 2721 subflavum
702 2643 814 2709 odoris
838 2643 1020 2721 aromatici,
1044 2643 1223 2708 reactionie
1245 2641 1369 2706 acidae.

350 2749 484 2815 Pondus
519 2750 707 2836 specificum
730 2753 829 2828 0,826
853 2753 895 2816 ad
920 2753 1028 2830 0,832.
1075 2751 1235 2816 Tinctum
1258 2752 1438 2834 evaporata

303 2878 370 2920 non
394 2857 504 2920 minus
527 2878 626 2942 quam
649 2863 778 2944 partem
802 2859 1016 2924 centesimam
1042 2861 1093 2934 1‚5
1117 2856 1292 2942 relinquat.

564 3238 814 3332 Tinctum
851 3239 1177 3333 valerianae.

351 3398 504 3464 Paranda
526 3419 544 3463 e

403 3511 534 3564 namen
558 3511 751 3562 Valerinnae
781 3504 819 3561 in
841 3504 1041 3581 pulverem
1059 3503 1361 3580 (A1,5)rednctae

444 3602 630 3680 partibus
652 3602 800 3677 viginti
826 3647 1355 3662 ..............
1403 3602 1442 3658 20

307 3705 340 3764 et

403 3812 544 3876 spiritns
568 3812 666 3864 diluti
694 3807 877 3883 partibus
899 3813 1053 3864 centum
1067 3851 1354 3867 ........
1383 3805 1441 3862 100

352 3905 476 3989 Liquor
497 3905 621 3983 fuscus,
645 3904 849 3969 valerianam
871 3905 968 3969 valde
991 3905 1153 3970 redolens.

352 4011 485 4076 Pondus
520 4012 709 4098 specificam
732 4013 830 4087 0,902
854 4011 896 4075 nd
921 4014 1029 4089 0‚908.
1076 4011 1236 4076 Tinctum
1259 4013 1440 4094 evaporata

305 4137 373 4182 nen
396 4117 506 4182 minue
529 4140 628 4203 quam
650 4124 780 4204 partem
803 4119 1019 4185 centesimam
1044 4122 1095 4196 1‚5
1118 4118 1294 4203 relinquat.

771 4315 973 4324 ———--——-—·
