3582 5034
902 493 967 555 304

367 684 535 770 perlucida
558 689 591 748 et
614 685 700 748 clare
723 683 817 749 fusca
840 690 928 762 sunt,
949 688 1193 773 seeposecretis
1205 691 1497 776 granosecrystal-

367 790 454 855 linis.
494 789 586 854 Odor
615 791 747 877 proprie
771 793 1090 877 empyreumaticus;
1125 816 1388 881 superamus,
1412 820 1496 876 acer,

366 919 476 961 urens.
524 897 656 962 Pondus
680 898 868 983 specificum
891 900 1089 986 plusquam
1116 906 1144 966 1.

413 1005 474 1070 Pix
495 1004 620 1090 liquida
643 1005 752 1070 colore
768 1003 962 1084 luseoflavo,
988 1008 1277 1089 nonfiuorescens,
1291 1010 1326 1073 in
1349 1011 1496 1076 alcohole

365 1112 519 1178 absoluto
531 1116 632 1188 totus,
645 1111 681 1175 in
693 1113 766 1176 oleo
778 1112 1021 1178 terebinthinae
1034 1137 1187 1201 magnam
1200 1121 1328 1202 partem
1340 1118 1496 1183 solvatur.

413 1218 498 1284 Picis
532 1217 676 1303 liquidae
711 1240 788 1303 pars
819 1223 847 1297 1,
871 1241 946 1284 cum
970 1244 1074 1306 aquae
1097 1223 1249 1308 partibus
1275 1225 1316 1288 20
1339 1224 1439 1289 modo
1461 1225 1495 1287 in

366 1325 463 1412 Aqua
486 1325 572 1390 Picis
595 1324 742 1390 indicato
765 1334 995 1411 conquassato,
1019 1329 1140 1394 coloris
1164 1330 1209 1394 sit
1232 1329 1311 1394 flavi
1333 1330 1495 1396 adfusoo-

365 1432 499 1510 fiavum‚
525 1432 636 1497 odoris
660 1443 694 1498 et
717 1434 846 1519 saporis
864 1435 949 1500 Picis
961 1435 1116 1520 liquidae,
1128 1437 1307 1502 reactionis
1319 1436 1496 1502 manifesto

262 1553 268 1564 '
366 1539 488 1604 acidae.
513 1541 627 1626 Aquae
650 1541 722 1624 pari
746 1540 1042 1619 voluminediluta‚
1067 1541 1182 1607 addito
1205 1543 1353 1607 chloreto
1366 1541 1494 1621 fenice,

366 1647 510 1711 colorem
552 1647 666 1711 trahat
708 1648 846 1712 obscure
888 1647 1129 1726 viridifuscum,
1171 1648 1286 1714 addito
1321 1648 1496 1714 solutionis

367 1753 519 1839 hydratis
541 1754 652 1819 calcici
675 1755 747 1839 pari
770 1755 948 1833 volumine,
972 1755 1135 1840 liquorem
1154 1756 1310 1841 praebeat
1332 1756 1472 1822 fuscum.

834 2041 962 2050 --·--——-
990 2041 1032 2050 1—-

559 2267 609 2365 ·l·
643 2271 733 2364 Pin
782 2270 1222 2364 lillanltraeis.

411 2448 472 2512 Pix
505 2447 631 2534 liquida
665 2447 889 2512 destillatione
924 2448 1010 2513 sicca
1034 2471 1051 2513 e
1074 2448 1297 2512 lithanthrace
1320 2453 1436 2532 parata
1459 2451 1493 2512 in

364 2554 568 2618 conficiendo
591 2576 653 2639 gaz
676 2554 718 2618 ad
742 2554 1006 2618 collustrandum
1031 2554 1247 2618 destinatum.

410 2714 534 2799 Liquor
568 2714 714 2800 spissior,
750 2714 870 2791 lentus,
896 2713 999 2799 niger,
1025 2736 1100 2805 non
1116 2713 1305 2799 perlucidus
1328 2735 1370 2777 ne
1394 2719 1493 2779 tenue

364 2821 497 2905 quidem
521 2821 556 2884 in
580 2827 721 2886 stratum
745 2826 909 2886 extentus.
942 2820 1035 2886 Odor
1045 2822 1210 2907 proprius.
1236 2820 1369 2885 Pondus
1392 2821 1495 2906 speci-

365 2929 463 2993 ficum
497 2931 594 3005 1‚150
617 2928 659 2993 ad
685 2931 791 3006 1250.

409 3036 524 3120 Aquae
547 3037 693 3120 partium
718 3039 759 3100 20
783 3058 858 3101 cum
883 3035 968 3100 Picis
993 3034 1242 3099 Lithanthracis
1267 3039 1361 3119 parte
1387 3039 1494 3099 lcon-

365 3148 596 3226 quassatarum
619 3143 743 3208 filtrato
765 3143 885 3209 coloris
905 3141 1054 3227 expertia
1077 3141 1145 3206 sint
1168 3147 1202 3205 et
1223 3140 1495 3206 rcaotionisalca-

364 3248 468 3326 linae;
491 3249 605 3313 addita
628 3271 712 3334 aqua
736 3251 886 3315 bromata
909 3249 1019 3313 colore
1041 3249 1117 3312 albo
1141 3248 1326 3312 turbentur.

411 3355 472 3419 Pix
507 3355 754 3421 Lithanthracis
789 3360 920 3420 tantum
955 3354 1077 3440 partim
1113 3355 1263 3419 solvatur
1296 3353 1331 3418 in
1355 3353 1492 3439 spiritu3

366 3461 474 3547 liquor
495 3462 695 3546 spirituosus
719 3463 805 3528 clarc
830 3461 944 3526 fuscus
965 3467 1016 3526 cst
1036 3467 1070 3526 et
1082 3462 1191 3527 colore
1204 3460 1304 3525 viridi
1315 3459 1493 3525 admodum

366 3568 545 3634 fluorescit.

411 3675 546 3740 Benzoli
566 3677 764 3741 centimetrs
783 3675 898 3741 cubica
927 3678 967 3738 14
991 3675 1018 3739 si
1043 3697 1117 3740 cum
1142 3675 1227 3740 Picis
1246 3672 1493 3738 Lithanthracis

364 3786 548 3866 grammate
577 3785 628 3859 1‚5
652 3786 872 3867 conquassate
896 3787 929 3844 et
952 3785 1030 3866 post
1053 3781 1152 3844 horas
1177 3782 1219 3843 24
1238 3779 1363 3844 filtrata
1386 3782 1493 3855 erunt,

365 3910 411 3965 eo,
444 3910 527 3973 quae
558 3889 599 3952 de
629 3889 828 3953 filtratorum
859 3886 1064 3952 centimetris
1093 3887 1217 3952 cubicis
1242 3888 1283 3949 10
1307 3885 1494 3970 evaporatio

363 3995 479 4059 relicta
501 4000 608 4070 erunt,
629 3994 748 4059 caloris
760 3994 866 4078 gradu
881 3993 959 4057 105⁰
971 3992 1101 4069 siccata,
1115 3992 1221 4057 solida
1233 3992 1301 4056 sint
1313 4013 1373 4056 neo
1385 3990 1494 4054 minus

364 4121 464 4184 quarn
499 4100 805 4185 milligrammatum
841 4102 922 4176 500;
958 4100 993 4162 in
1025 4098 1113 4163 filtro
1143 4099 1296 4164 carbonis
1320 4119 1387 4161 non
1411 4097 1494 4160 nihil

365 4207 572 4290 relinquitur.
