3544 5050
862 489 927 553 429

330 683 389 748 ubi
411 683 510 748 strati
533 682 678 748 aetheris
701 681 819 746 secreti
839 683 1036 749 centimetra
1058 684 1175 749 cubica
1190 686 1233 748 40
1245 685 1281 748 in
1292 686 1464 752 cucurbita

329 791 402 853 noti
414 788 571 874 ponderis
580 793 760 874 evaporata
768 793 875 866 erunt,
886 789 1017 874 pondus
1029 811 1153 869 eorum,
1163 812 1247 876 quaa
1255 798 1463 876 supererunt,

330 897 450 962 caloris
472 895 579 983 gradu
605 898 684 960 100⁰
706 896 914 974 siccatorum,
939 896 1247 982 milligrammatum
1267 898 1386 962 232ad
1400 901 1464 962 248

331 1002 384 1080 sit,
408 1002 498 1087 quod
521 1002 677 1068 convenit
700 1024 775 1067 cum
794 1002 921 1067 chinini
933 1003 1084 1089 partibus
1096 1003 1287 1070 centesimis
1300 1007 1341 1068 29
1354 1005 1396 1069 ad
1410 1008 1463 1073 31.

376 1106 567 1187 Chininum,
601 1109 649 1174 ita
683 1131 701 1173 e
735 1108 886 1174 Tunnate
921 1107 1059 1174 Chinini
1081 1117 1255 1190 secretum,
1281 1109 1464 1177 satisfaciat

330 1215 436 1279 isdem
458 1216 646 1300 postulatis,
670 1216 791 1302 quibua
815 1214 1006 1281 Chininum.

375 1322 509 1388 Tannas
533 1321 680 1401 Chinini,
704 1323 825 1389 caloris
847 1323 955 1408 gradu
980 1324 1059 1387 100⁰
1081 1324 1234 1401 siccatus,
1256 1323 1413 1409 ponderis
1424 1347 1466 1390 ne

330 1428 464 1494 amittat
487 1430 680 1516 plusquam
703 1435 815 1516 partes
838 1429 1035 1496 centesimas
1058 1433 1089 1494 3.

374 1535 507 1600 Tannus
542 1533 681 1602 Chinini
714 1537 908 1602 combustus
931 1537 1052 1602 cineris
1074 1559 1117 1601 ne
1140 1537 1215 1623 plus
1238 1559 1338 1622 quam
1361 1538 1466 1623 partis

330 1642 530 1706 centesimae
553 1647 682 1728 partem
705 1644 857 1730 quintam
879 1646 964 1729 (03)
985 1644 1162 1729 relinquat.

375 1747 406 1811 A
436 1747 533 1813 luce
562 1755 760 1815 remotus
790 1757 1005 1816 servetur.

797 1937 997 1947 ...--·——.—

749 2089 1046 2182 iuncinum.

712 2247 865 2317 Aeldum
886 2251 1086 2316 tanntenm.

377 2375 540 2457 Squamae
570 2373 670 2450 leves,
695 2373 820 2438 nitidae
842 2373 897 2438 vel
920 2372 1031 2459 pulvis
1053 2373 1146 2452 levis,
1171 2395 1189 2438 e
1211 2374 1322 2459 griseo
1345 2374 1462 2454 flavus,

331 2479 444 2544 odoris
454 2479 525 2544 iere
537 2501 665 2566 expers,
678 2480 807 2565 saporis
818 2479 1000 2544 admodum
1011 2479 1262 2564 adstringentis.
1275 2480 1463 2545 Tanninum

331 2586 451 2651 leniter
476 2585 683 2664 calefactum,
707 2586 830 2651 additis
853 2607 958 2670 aquae
981 2586 1034 2649 vel
1057 2586 1196 2671 spiritus
1219 2587 1371 2671 partibus
1392 2585 1464 2652 fere

332 2694 477 2778 paribus,
497 2693 642 2779 liquores
658 2693 795 2778 praebet
814 2692 1000 2770 subfirscos,
1020 2693 1200 2757 reactionis
1211 2693 1330 2758 leviter
1340 2693 1464 2772 acidae,

333 2801 399 2884 qui,
419 2822 524 2885 aquae
542 2801 711 2865 volumine
723 2799 922 2885 quintuplici
934 2799 1042 2877 diluti,
1055 2799 1136 2864 clari
1148 2799 1233 2878 sint;
1246 2800 1282 2864 in
1294 2799 1465 2886 glycerino

332 2907 522 2972 Tanninum
555 2906 663 2984 facile,
698 2907 734 2971 in
767 2905 993 2972 chloroformo
1022 2928 1090 2971 non
1110 2906 1254 2972 solvitur
1275 2929 1336 2972 nec
1358 2907 1466 2992 magis

332 3013 368 3078 in
390 3015 533 3078 aethere.

376 3120 566 3185 Tanninum
589 3119 624 3184 in
646 3142 733 3205 aqua
757 3121 897 3202 (1:30)
920 3120 1075 3197 solutum,
1098 3118 1215 3184 addito
1238 3118 1465 3184 chloretoter·

331 3227 410 3306 rico,
424 3227 679 3312 praecipitatum
702 3250 719 3292 e
743 3227 894 3292 caenuleo
905 3227 1049 3310 nigrum,
1059 3225 1174 3290 addito
1188 3230 1329 3290 tertrate
1341 3225 1465 3290 kalieo-

333 3333 452 3399 stibieo
475 3336 625 3417 (1:20),
650 3333 906 3419 praecipitatum
928 3333 1041 3398 album
1060 3331 1207 3417 deponit.

376 3440 566 3505 Tanninum
589 3441 624 3504 in
647 3462 733 3525 aqua
757 3444 787 3516 (1
802 3467 836 3500 =
850 3442 908 3523 30)
931 3440 1077 3504 solutum
1099 3439 1213 3504 addita
1232 3439 1400 3503 ammonia
1422 3459 1465 3502 ne

332 3547 398 3612 ulio
427 3547 537 3612 colore
560 3547 727 3612 inficiatur
748 3546 814 3611 nisi
833 3545 1028 3612 fluvofusco.
1065 3546 1254 3609 Tanninum
1278 3544 1314 3608 in
1344 3544 1465 3629 spiritu

332 3659 364 3734 (1
380 3680 414 3714 =
428 3656 464 3737 3)
497 3655 644 3720 solutum
667 3653 817 3718 admixto
840 3653 984 3718 aetheris
1003 3652 1075 3738 pari
1097 3651 1266 3716 volumine
1288 3671 1331 3714 ne
1351 3651 1465 3715 statim

333 3761 488 3825 turbetur
509 3760 728 3844 (saccharum,
752 3760 862 3840 ealce).

378 3867 522 3931 Tannini
555 3866 825 3952 milligrammata
860 3869 926 3931 500
959 3865 1080 3930 caloris
1106 3863 1214 3948 gradu
1238 3865 1317 3927 100⁰
1339 3861 1463 3926 siccata

334 3972 490 4057 ponderis
512 3994 554 4037 ne
571 3972 647 4057 plus
670 3993 769 4057 quam
788 3972 1058 4058 milligrammata
1077 3969 1306 4046 60amittant;
1327 3988 1412 4052 quae
1423 3966 1464 4030 de

334 4078 486 4143 Tannino
508 4079 683 4144 combusto
706 4083 914 4163 supererunt,
939 4076 1116 4162 ponderari
1139 4078 1316 4158 nequeant.
