3530 5026
877 497 919 560 95

659 690 710 788 ÷
742 691 1046 789 Bottoinum.

696 868 1102 956 c,n(ou,),u,02.n,o.

377 1013 546 1100 Crystalla
564 1015 649 1092 alba,
674 1014 789 1092 nitida,
807 1014 917 1099 longa,
938 1013 1123 1091 anicularia,
1144 1014 1462 1098 saporissubamari,

332 1122 426 1200 levia,
450 1122 570 1188 caloris
593 1121 700 1207 gradu
724 1121 805 1185 234⁰
827 1120 870 1185 ad
894 1123 997 1185 235ιΙιιὶ
1020 1120 1246 1206 liquescentis.
1276 1119 1463 1186 Coffeinum

331 1229 365 1293 in
388 1251 492 1314 aquae
515 1229 667 1315 partibus
696 1228 767 1294 fere
791 1231 843 1306 80,
867 1228 904 1291 in
926 1227 1065 1312 spiritus
1089 1227 1240 1312 partibus
1260 1227 1330 1292 fere
1355 1232 1406 1306 50,
1427 1229 1462 1292 in

329 1335 554 1402 chloroformo
577 1336 685 1417 facile,
704 1336 886 1400 inaethere
898 1357 966 1399 non
977 1333 1075 1400 facile
1086 1335 1238 1400 solvitur.
1264 1333 1460 1412 Coffeinum,

329 1465 403 1508 cum
415 1464 521 1529 aquae
533 1443 686 1528 partibus
700 1446 719 1507 2
732 1447 935 1520 concoctum,
949 1442 1092 1508 solvitur
1103 1443 1138 1505 in
1150 1442 1313 1528 liquorem
1324 1443 1459 1521 olerum,

329 1549 480 1615 neutrius
502 1550 690 1628 roactionis,
716 1551 772 1636 qui
795 1549 1016 1635 refrigescens
1039 1550 1075 1613 in
1094 1550 1220 1634 pultem
1233 1550 1461 1635 crystallinam

330 1657 495 1722 coalescit.

372 1761 560 1830 Ooffeinum
594 1763 777 1849 prudentor
810 1764 1009 1830 calefactum
1040 1767 1149 1829 totum
1179 1763 1313 1828 volatile
1348 1761 1392 1828 fit
1427 1769 1461 1828 et

327 1869 542 1935 sublimatum
565 1870 687 1948 album,
712 1871 944 1956 crystallinum
966 1870 1114 1956 praebet.

374 1977 424 2041 De
460 1975 602 2044 Coffeini
637 1977 917 2064 milligrammatis
953 1981 982 2055 5,
1018 1999 1085 2042 una
1118 1998 1193 2043 cum
1228 1977 1314 2042 acidi
1336 1977 1460 2062 hydro·

328 2083 464 2149 chlorici
486 2088 585 2170 gutta
609 2088 626 2149 1
652 2089 686 2150 et
709 2085 868 2151 chloratis
891 2083 993 2150 kalici
1005 2084 1165 2170 crystallo
1178 2105 1282 2169 parvo
1293 2084 1329 2148 in
1341 2084 1461 2149 balneo

329 2212 433 2276 oquae
456 2190 635 2269 calefactis,
660 2212 745 2278 quae
767 2196 977 2277 supererunt,
1002 2191 1199 2257 fuscorubre
1222 2195 1329 2268 erunt,
1346 2190 1461 2256 addita

330 2298 516 2363 ammoniae
538 2302 637 2384 gutta
662 2301 679 2362 l
704 2299 849 2364 colorem
872 2319 1076 2384 purpureum
1100 2298 1245 2363 trahent.

374 2402 562 2468 Goffeinum
584 2405 620 2469 in
643 2405 738 2472 acido
761 2404 923 2470 sulfurico
942 2405 996 2470 vel
1019 2405 1055 2469 in
1067 2404 1162 2471 acido
1175 2405 1296 2472 nitrico
1308 2407 1342 2490 (1
1358 2432 1391 2465 =
1407 2407 1461 2488 10)

328 2511 475 2575 solutum
498 2512 619 2578 coloris
642 2533 761 2597 expers
784 2512 839 2577 sit.

375 2614 560 2682 Coffeinum
594 2619 630 2683 in
664 2640 750 2704 aquc
783 2619 930 2684 solutum
964 2619 1043 2683 dum
1075 2623 1226 2685 saturata
1255 2620 1309 2696 sit,
1344 2618 1460 2684 addito

327 2723 478 2802 tannino,
502 2725 758 2811 praecipitatum
778 2727 924 2810 praebet,
947 2726 1035 2812 quod
1047 2726 1083 2790 in
1095 2726 1262 2810 reegentis
1275 2727 1460 2811 quantitate

327 2831 502 2897 excedenti
524 2854 641 2898 rursus
663 2833 816 2898 solvitur.
841 2833 893 2897 Ne
917 2833 1072 2898 turbetur
1094 2832 1210 2898 addito
1225 2833 1460 2898 iodetokalico

326 2936 571 3024 hydrargyrico
594 2962 679 3005 neve
702 2962 788 3026 aqua
811 2941 961 3007 chlorata
983 2961 1067 3004 neve
1090 2939 1257 3005 solutione
1280 2940 1372 3006 iodii.

429 3045 540 3106 Doses
562 3049 741 3107 maximae
763 3047 923 3124 singulae
945 3047 1280 3123 milligrammatum
1302 3047 1369 3108 250.

429 3143 540 3204 Doses
561 3147 740 3204 maximae
762 3147 799 3205 in
822 3147 927 3205 horas
948 3145 1092 3206 vicenas
1115 3150 1308 3219 quaternas

469 3246 710 3319 grammatum
733 3245 761 3305 l.

792 3459 995 3472 -m

742 3641 1044 3739 colludium.

376 3814 560 3882 Prudenter
583 3818 685 3883 misce

430 3929 519 3981 Acldl
548 3931 660 3982 ultrici
689 3925 965 4004 crudl(pondus
995 3927 1231 4005 spcciiicum
1261 3928 1360 4004 1,380)

469 4028 603 4097 partes
634 4021 951 4100 quadringentas
985 4069 1353 4084 ..........
1401 4025 1460 4082 400

431 4121 519 4174 cordi
539 4125 689 4177 rulnrricl
707 4127 800 4179 crudi
818 4119 982 4199 (pondus
1002 4123 1237 4200 specificum
1260 4122 1359 4196 1,830)

469 4217 640 4292 partibus
665 4217 774 4276 mille
781 4263 1349 4280 ...............
1382 4217 1459 4276 1000
