3544 5050
847 517 911 582 407

696 712 747 808 ·l·
780 711 977 834 styrax.

355 911 548 976 Balsamum
587 909 760 995 coquendo
795 914 990 994 paratume
1020 908 1113 993 ligno
1147 909 1324 973 vulnerato
1358 909 1448 994 quod
1561 936 1565 949 =

312 1017 449 1103 praebet
471 1017 572 1082 arbor
586 1017 639 1082 eui
651 1037 774 1081 nomen
786 1022 839 1082 est
861 1014 1173 1101 Liquidambar
1197 1015 1446 1094 orientalis,

312 1125 415 1189 MILL.
440 1123 541 1189 Gard.
565 1123 653 1188 Diet.
678 1122 729 1187 ed.
754 1122 849 1187 VIII.
873 1121 916 1186 N.
943 1125 973 1186 2.

356 1285 481 1370 Liquor
503 1283 651 1370 spissior,
677 1283 878 1370 glutinosus,
903 1283 1141 1368 fuseogriseus,
1165 1305 1233 1348 non
1245 1283 1446 1368 perlucidus.

312 1391 404 1457 Odor
427 1390 524 1456 valde
547 1391 771 1468 aromaticus3
796 1411 898 1474 sapor
920 1389 1131 1468 aromaticus,
1146 1389 1295 1454 subaeer.
1321 1390 1448 1476 Styrax

311 1520 397 1584 aqua
420 1497 556 1584 gravior
578 1502 639 1562 est.

353 1605 396 1669 In
404 1605 635 1690 balneoaquae
644 1602 825 1670 calefactus
834 1604 960 1689 Styrax
968 1603 1229 1668 terebinthinam
1237 1603 1446 1668 neredoleat.

355 1712 507 1797 Styraeis
530 1732 680 1797 gramma
706 1715 722 1773 1
748 1711 777 1776 si
799 1731 874 1776 eum
894 1710 1033 1794 spiritus
1046 1709 1390 1775 centimetriseubieis
1405 1712 1446 1774 20

310 1824 505 1885 concoctum
528 1816 601 1896 erit,
625 1839 712 1902 pars,
736 1838 822 1902 quae
846 1816 932 1882 solvi
954 1837 1022 1880 non
1041 1816 1175 1900 poterit,
1189 1817 1312 1882 siccate
1327 1815 1447 1881 caloris

311 1925 419 2011 gradu
443 1925 532 2002 100⁰,
556 1924 865 2010 milligrammatum
888 1945 930 1988 ne
949 1923 1024 2008 plus
1044 1943 1143 2007 quarn
1158 1923 1289 1988 250sit.
1315 1923 1446 1988 Solutio

310 2032 491 2117 spirituosa
512 2030 712 2116 refrigerata
735 2030 844 2116 liquor
863 2035 913 2095 est
933 2031 1072 2116 griseus,
1090 2028 1254 2108 turbidus,
1267 2029 1447 2095 reaetionis

310 2138 433 2203 acidae.
471 2138 514 2202 In
536 2138 670 2202 aethere
694 2137 829 2222 Styrax,
854 2135 1041 2222 quisquiliis
1063 2135 1324 2213 remanentibus,
1349 2133 1447 2200 facile

312 2244 471 2322 solvitur3
506 2245 542 2308 in
577 2243 712 2308 aethere
742 2243 882 2328 petrolei
914 2264 991 2328 pars
1017 2246 1151 2306 tantum
1174 2242 1326 2320 solvitur,
1351 2264 1446 2327 quae,

310 2353 442 2417 aethere
467 2354 657 2436 evaporata
682 2371 793 2415 massa
816 2350 905 2416 lente
929 2350 1037 2414 fluens
1059 2348 1194 2414 residet.

354 2458 407 2522 Ad
441 2478 538 2522 usum
562 2457 688 2543 Styrax
711 2462 874 2542 purgetur
896 2457 932 2520 in
955 2457 1073 2521 balneo
1097 2476 1211 2540 aquae,
1236 2455 1347 2520 calore
1369 2477 1444 2540 gra-

311 2565 390 2630 dum
426 2565 504 2630 75¹¹m
539 2586 607 2629 non
637 2568 826 2649 superante,
862 2562 1046 2647 prudenter
1068 2558 1303 2640 calefaciendo,
1328 2561 1447 2627 deinde

311 2671 460 2736 colando.

778 2926 979 2936 —-—-..--

648 3131 698 3227 -Ι-
732 3130 1019 3227 tustinum.

355 3329 478 3393 Resina
512 3328 638 3394 fossilis
669 3349 769 3414 quarn
800 3327 939 3413 praebet
971 3326 1141 3392 Pinites
1172 3325 1445 3390 suecinifera

310 3435 448 3511 Gener„
473 3434 596 3520 partim
618 3435 654 3499 in
675 3435 757 3500 litus
780 3433 881 3498 maris
898 3433 1031 3499 Suebici
1044 3435 1157 3510 eiecta,
1172 3433 1294 3518 partim
1307 3455 1324 3496 e
1337 3439 1444 3499 terrae

311 3541 427 3606 stratis
448 3562 543 3605 aerae
566 3541 696 3626 lignitis
720 3546 754 3605 et
777 3563 873 3606 aerae
897 3540 1065 3606 diluvialis
1088 3541 1218 3605 effossa.

356 3701 513 3766 Frustula
535 3701 664 3765 formae
691 3703 812 3778 variae,
837 3702 958 3767 eoloris
977 3701 1065 3778 flavi,
1086 3701 1254 3767 interdurn
1267 3699 1446 3763 flammulis

312 3829 491 3892 conspersa
523 3813 582 3872 aut
615 3809 732 3886 lactea,
767 3808 936 3894 perlucida
963 3811 1023 3873 aut
1046 3829 1158 3892 opaea,
1184 3805 1327 3890 fragilia,
1352 3804 1443 3879 dura,

310 3935 422 3998 ungue
444 3935 513 3978 non
535 3914 692 3992 radenda,
717 3935 778 3979 nee
801 3936 887 4000 aqua
910 3915 1082 3980 ebullienti
1101 3912 1338 3989 mollescentia,
1359 3910 1445 3974 frae-

311 4025 387 4085 tura
409 4022 573 4087 conchata
596 4019 751 4106 fulgenti.
784 4021 963 4086 Sueeinum
985 4021 1155 4084 interdum
1181 4019 1323 4084 bullulas
1348 4017 1443 4092 aeris,

312 4149 372 4192 nee
394 4126 504 4191 minus
528 4127 658 4192 insecta
679 4127 809 4192 inclusa
831 4127 942 4192 habet.
976 4128 1154 4194 Succinum
1178 4147 1238 4191 nee
1262 4125 1361 4190 faeile
1384 4144 1445 4187 nee

311 4233 530 4320 aequabiliter
551 4234 706 4319 liquescit
728 4234 848 4299 ealoris
870 4234 978 4319 gradu
1003 4235 1083 4300 250ο
1105 4235 1148 4299 ad
1173 4236 1289 4298 30011111.
