3582 5034
855 531 918 592 281

479 718 1214 819 ψωωωὸηωώηω.

365 917 483 982 Oleum
502 918 635 1005 pingue,
648 917 757 984 calore
769 917 921 984 adhibito
934 919 1147 1005 expressione
1159 924 1313 1004 paratum
1326 941 1343 984 e
1355 919 1453 984 semi·

320 1025 417 1090 nibus
444 1046 529 1110 quae
555 1025 693 1111 praebet
724 1025 1009 1092 Schleiohera
1035 1025 1212 1111 triiuga,
1239 1025 1452 1090 WILLD.S1‘.

321 1132 449 1198 P1.1v.
475 1134 571 1198 1396.

364 1291 476 1357 Massa
494 1292 655 1371 subflava,
677 1292 796 1371 mollis,
814 1292 943 1378 saporis
955 1291 1070 1370 dulcis,
1084 1291 1197 1356 odoris
1210 1290 1331 1377 exigui,
1345 1290 1453 1376 qualis
1512 1304 1517 1314 ·

318 1405 369 1464 est
392 1398 457 1463 olei
479 1398 733 1484 amygdalarum
757 1420 955 1476 amararum,
987 1398 1081 1463 cinus
1104 1397 1210 1462 maior
1232 1419 1310 1483 pars
1333 1396 1453 1462 caloris

318 1505 425 1590 gradu
450 1505 508 1569 220
525 1505 688 1591 liquescit,
713 1506 823 1571 minor
844 1506 978 1570 demum
990 1505 1097 1591 gradu
1110 1504 1177 1572 28⁰.
1203 1504 1337 1569 Pondus
1349 1503 1452 1589 speei-

318 1613 415 1678 fieum
439 1614 539 1690 0,925
562 1612 604 1677 ad
628 1615 737 1689 0,930.

360 1718 469 1783 Index
491 1719 776 1804 saponifieationis
797 1724 848 1784 est
861 1722 926 1783 215
938 1719 980 1784 ad
994 1722 1068 1783 230.
1093 1718 1451 1795 Indexiodimetrious,

317 1825 546 1911 experimento
569 1825 604 1888 in
626 1825 910 1911 milligrammatis
928 1827 993 1890 300
1005 1825 1048 1890 ad
1060 1828 1125 1890 350
1139 1847 1198 1910 per
1209 1827 1311 1890 horae
1322 1829 1452 1911 partem

318 1932 454 1996 tertiam
487 1933 695 2010 continuato,
730 1955 773 1997 ne
807 1933 852 1998 sit
886 1933 996 1997 minor
1030 1954 1130 2018 quam
1166 1936 1209 1997 50
1238 1955 1322 1997 neve
1345 1932 1453 1997 maior

319 2060 419 2124 quam
444 2043 496 2106 55.

362 2144 404 2209 In
422 2144 520 2210 India
537 2144 701 2211 Orientali
718 2145 962 2212 Nederlandiea
982 2146 1264 2213 Sehleiohera
1284 2146 1452 2231 triiuga

318 2250 494 2316 interulis
516 2253 651 2318 nomine
674 2253 839 2318 koeaambi
860 2257 959 2320 voest
1001 2301 1010 2318 .

574 2728 1113 2829 ψωωωὴηω.

361 2926 479 2991 Oleum
501 2927 636 3012 pingue,
656 2929 749 2992 nullo
767 2929 877 2994 calore
896 2928 1047 2993 adhibito
1068 2929 1281 3015 expressione
1300 2934 1453 3014 peratum

318 3053 335 3096 s
368 3033 550 3099 seminibus
584 3055 668 3119 quae
701 3035 862 3121 praebent
892 3035 1071 3101 varietates
1102 3036 1253 3101 diversae
1288 3036 1454 3102 Sesami

319 3139 466 3218 indici,
491 3141 591 3206 LINN.
617 3141 674 3227 Sp.
700 3141 746 3206 Pl.
772 3143 847 3207 034.

361 3299 480 3365 Oleum
500 3299 638 3379 flavum,
663 3301 775 3367 odoris
799 3325 926 3388 expers,
939 3325 1008 3368 non
1021 3325 1183 3382 arescens,
1196 3303 1325 3390 saporis
1337 3303 1454 3369 duleis.

319 3406 452 3472 Pondus
474 3408 662 3493 apeoifioum
686 3411 785 3486 0,920
808 3410 851 3475 ad
873 3412 983 3488 0,924.

363 3515 480 3586 Oleum
523 3516 652 3580 Sesami
691 3516 799 3581 aalore
833 3515 951 3601 glaciei
983 3515 1197 3601 liquescentis
1232 3515 1371 3601 spissius
1405 3515 1453 3592 fit,

318 3623 423 3706 gradu
453 3624 527 3685 -8ο
550 3623 703 3687 solidum.

361 3728 479 3794 Oleum
503 3729 640 3808 Sesami,
666 3730 731 3794 olei
749 3731 910 3795 olivarum
930 3731 984 3794 vel
1002 3729 1254 3816 amygdalarum
1267 3727 1454 3814 quantitate

319 3835 418 3900 vicies
442 3841 537 3901 tanta
559 3837 712 3914 mixtum,
737 3837 939 3902 reactionem
963 3837 1027 3902 olei
1051 3837 1180 3914 sesami,
1209 3835 1245 3899 in
1266 3835 1357 3900 Oleis
1381 3834 1454 3920 pin·

317 3941 438 4026 guibus
460 3949 685 4022 memoratam,
710 3965 911 4030 magnopere
934 3943 1099 4008 exhibeat.

360 4049 468 4113 Index
501 4048 738 4128 iodimetrious,
770 4051 997 4134 experimento
1028 4051 1063 4114 in
1085 4048 1364 4134 milligrsmmatis
1389 4050 1452 4111 150

318 4153 360 4217 ad
385 4157 450 4219 180
470 4178 531 4242 per
550 4157 651 4222 horae
670 4161 782 4244 partes
802 4156 1025 4242 sexagesimos
1051 4159 1092 4222 25
1116 4156 1322 4233 continuato,
1346 4175 1389 4217 ne
1408 4153 1454 4217 ait

320 4261 428 4326 minor
449 4283 548 4348 quam
575 4265 638 4330 106
661 4285 747 4328 neve
769 4263 876 4328 maior
897 4284 997 4349 quam
1019 4266 1093 4328 112.
