3530 5026
872 485 935 548 105

341 683 359 746 3
377 680 418 745 ad
437 684 466 758 5,
490 700 603 746 crassa
625 677 815 744 millimetra
839 678 920 742 aad
942 681 976 757 53
996 679 1186 763 superficies
1203 681 1349 746 exterior
1364 679 1466 746 flavo-

340 785 439 864 lusoa,
470 783 774 872 rugosofaveolata,
803 785 946 850 interior
975 785 1242 871 spongiosoalba.
1289 787 1341 851 Ad
1369 809 1466 852 usum

339 897 467 959 tantum
497 897 642 959 stratum
673 892 819 958 exterius
849 891 1071 957 flavofusoum
1100 893 1254 978 (hoedo)
1277 894 1464 972 adhibetur,

338 1001 476 1066 interius
498 1000 610 1065 album
632 999 1011 1084 (odedohemoveatun
1033 1019 1130 1084 quem
1154 999 1318 1080 adfinem
1341 999 1467 1066 Cortex

338 1108 475 1175 Fructus
509 1107 665 1172 Aurantii
699 1127 759 1192 per
792 1106 894 1170 horae
927 1110 1056 1192 partem
1086 1111 1239 1192 quartam
1269 1128 1355 1193 aqua
1385 1107 1466 1172 mol-

336 1216 445 1292 lescat,
477 1236 564 1301 aqua
593 1213 721 1292 defusa,
748 1213 882 1279 corticis
909 1212 1033 1277 madidi
1064 1235 1123 1298 per
1145 1213 1232 1278 diem
1263 1236 1366 1279 unum
1392 1214 1465 1279 loco

336 1321 458 1407 frigido
489 1321 613 1387 servati
652 1320 770 1385 albedo
804 1324 980 1398 resecetur,
1015 1341 1081 1406 quo
1114 1319 1206 1387 facto
1236 1320 1367 1386 flavado
1398 1321 1465 1386 leni

337 1428 442 1494 calore
465 1428 616 1494 siccetur.

377 1534 596 1620 Microscopia
626 1535 782 1620 pulveris.
822 1534 938 1598 Partes
960 1533 1082 1598 coloris
1105 1539 1258 1619 expertes
1281 1536 1464 1620 parenchy-

335 1642 431 1706 matis
454 1640 706 1726 spongiiformis
729 1640 902 1718 albedinis
926 1641 963 1704 in
981 1641 1102 1726 quibus
1122 1663 1220 1726 saepe
1239 1664 1281 1706 ne
1297 1647 1465 1708 structura
1559 1693 1564 1704 .

336 1748 498 1816 cellularis
538 1748 671 1834 quidem
713 1747 856 1833 spectari
898 1750 1020 1832 potest.
1064 1747 1293 1833 Parenchyma
1326 1748 1464 1833 vulgare

335 1855 509 1920 flavedinis
558 1875 656 1940 saepe
693 1874 928 1940 compressum,
968 1854 1083 1918 multis
1120 1854 1288 1940 crystallis
1322 1855 1464 1920 exalatis

334 1960 570 2048 quadrangulis
593 1960 636 2024 ad
660 1961 850 2046 sexangula.
880 1960 1068 2046 Epidermis
1091 1982 1109 2025 e
1131 1961 1258 2027 cellulis
1281 1962 1364 2026 bene
1387 1961 1465 2026 defi-

334 2068 423 2145 nitis,
454 2067 694 2154 quadrangulis
726 2067 769 2132 ad
799 2069 1009 2154 sexangulas,
1034 2089 1133 2155 saepe
1156 2068 1348 2134 membrana
1371 2070 1465 2134 tenui

335 2173 510 2260 bipartitis,
553 2173 729 2252 subfuscis,
771 2175 973 2240 membranis
1007 2175 1228 2241 exterioribus
1263 2175 1463 2242 tumefactis.

334 2281 420 2347 Vasa
449 2281 600 2346 anularia
630 2287 665 2346 et
695 2281 839 2366 spiralia.
864 2281 1049 2347 Glandulse
1072 2282 1244 2368 lysigenae
1267 2282 1465 2367 conspicuae

334 2409 402 2453 non
435 2393 524 2454 sunt.
560 2389 707 2454 Granula
740 2389 843 2474 amyli
874 2389 1069 2454 tenuissima
1098 2390 1134 2453 in
1157 2388 1312 2453 omnibus
1335 2389 1463 2454 cellulis

334 2495 632 2581 porencbymaticis
667 2495 885 2581 paucissimae
908 2495 1025 2560 adesse
1048 2499 1207 2580 possunt3
1230 2496 1266 2559 in
1290 2495 1464 2560 flavedinis

334 2603 591 2689 perenchymate
613 2603 784 2668 interdum
806 2602 944 2668 cellulae
970 2602 1074 2687 amyli
1096 2603 1247 2687 granulis
1270 2602 1384 2667 multis

377 2709 470 2774 Odor
491 2709 709 2787 aromaticus3
734 2730 833 2795 sapor
854 2709 1055 2775 aromaticus
1078 2714 1113 2773 et
1135 2730 1278 2773 amarus.

378 2815 521 2882 Corticis
540 2815 683 2883 Fructus
704 2816 859 2882 Aurantii
878 2817 1025 2901 pulveris
1045 2821 1233 2902 grammata
1253 2818 1304 2893 2‚5
1317 2815 1375 2880 ubi
1398 2838 1465 2880 una

331 2945 406 2988 cum
437 2923 576 3009 spiritus
608 2922 813 2989 centimetris
844 2922 969 2988 cubicis
1002 2926 1043 2987 25
1075 2944 1135 3008 per
1165 2924 1281 2987 horam
1304 2927 1464 2988 concocta

332 3033 439 3108 erunt,
454 3035 497 3108 et,
522 3029 580 3094 ubi
599 3029 813 3110 refrixerunt,
839 3029 978 3114 spiritus
990 3035 1192 3114 evaporatus
1204 3029 1247 3094 ad
1259 3029 1353 3114 prius
1368 3030 1459 3093 volu·

332 3157 407 3201 men
419 3135 593 3222 suppletus
602 3136 674 3214 erit,
689 3136 820 3222 pondus
833 3158 956 3215 eorum,
970 3157 1054 3222 quae
1066 3135 1108 3200 de
1118 3137 1331 3218 filtratorum,
1344 3136 1463 3201 caloris

331 3242 439 3328 gradu
470 3243 550 3308 100ο
579 3244 787 3320 siccatorum,
819 3243 1025 3309 centimetris
1055 3243 1180 3309 cubicis
1207 3246 1247 3307 10
1270 3243 1462 3328 evaporatis

332 3354 539 3435 supererunt,
552 3372 621 3416 non
632 3350 743 3416 minus
754 3350 800 3416 sit
811 3372 911 3436 quam
923 3351 1228 3436 milligrammatum
1242 3351 1316 3414 200.
1342 3349 1463 3414 Oleosa

330 3456 475 3542 quaeda
498 3457 646 3542 pulveris
665 3457 861 3542 grammatis
879 3461 907 3536 l,
932 3479 1008 3524 cum
1031 3457 1177 3522 aetheris
1200 3456 1340 3541 petrolei
1361 3457 1464 3522 centi-

329 3564 445 3630 metris
462 3563 588 3630 cubicis
609 3567 630 3629 3
648 3565 869 3650 conquassati,
894 3564 1037 3641 filtratis,
1055 3585 1116 3629 sua
1127 3567 1248 3650 sponte
1259 3564 1461 3647 evaporatis,

328 3675 537 3758 supererunt,
576 3671 699 3737 coloris
733 3671 802 3737 sint
836 3670 1013 3737 flavofusci
1047 3677 1081 3738 et
1116 3669 1284 3737 Corticem
1320 3669 1464 3736 Fructus

329 3778 485 3844 durantii
507 3777 644 3844 fortiter
665 3778 848 3844 redoleant.
