3466 5038
820 519 860 582 29

461 709 510 809 -Ι-
543 709 736 808 letter
768 739 876 806 rum
911 711 1123 832 Spiritu.

550 891 685 977 Liquor
707 893 892 976 auodrnus
915 893 1135 962 Hoffmannl.

322 1007 501 1074 Commisee

372 1122 519 1176 Aetheria

278 1220 312 1278 et

372 1325 512 1390 spiritus
540 1327 679 1398 partes
708 1319 883 1384 totidem.

322 1435 442 1521 Liquer
459 1437 579 1515 clarus,
593 1436 714 1501 eoloris
726 1458 852 1521 expers,
866 1438 1003 1502 aethera
1014 1438 1228 1502 vehementer
1238 1435 1400 1510 redolens,

278 1541 371 1626 plene
394 1541 551 1606 volatilis.
600 1541 734 1606 Pondus
759 1542 947 1626 speeifieum
971 1543 1068 1618 0,rrr
1093 1543 1135 1606 ad
1159 1543 1267 1620 0‚782.

323 1647 472 1712 Aetheris
507 1668 583 1713 eum
606 1647 737 1733 Spiritu
759 1649 955 1713 centimetra
977 1649 1093 1714 eubiea
1118 1652 1158 1712 10
1182 1651 1404 1734 evaporentur

278 1755 357 1818 nihil
378 1754 601 1840 relinquentia
625 1776 731 1840 neque
756 1755 890 1820 odorem
914 1756 1059 1820 alienum
1082 1756 1283 1841 spargentia.

321 1861 472 1925 Aetheris
503 1881 579 1925 eum
602 1860 731 1945 Spiritu
754 1861 873 1926 caloris
895 1862 1001 1947 gradu
1027 1863 1083 1926 15⁰
1105 1884 1180 1927 oum
1203 1883 1308 1947 aquae
1331 1861 1402 1946 p‘ari

279 1968 441 2032 volumine
484 1969 698 2052 conquassati
741 1969 896 2032 volumen
935 1991 977 2033 ne
1011 1969 1084 2054 plus
1118 1991 1217 2054 quam
1252 1968 1403 2054 partibus

277 2073 408 2139 decimis
432 2077 452 2140 6
476 2076 561 2158 (0,6)
583 2075 763 2140 minuatur.

739 2333 940 2343 -ι--ιι

521 2534 572 2633 -Ι-
603 2537 797 2632 datter
829 2537 1074 2631 Petrolei.

320 2717 476 2784 Carbonii
502 2715 724 2802 hydregenati
737 2714 831 2779 varia
843 2735 966 2798 genera
979 2715 1094 2796 mixta,
1108 2737 1126 2779 e
1142 2716 1291 2800 petroleo
1302 2716 1404 2780 crudo

275 2823 500 2889 destillatione
523 2827 649 2908 parata.

319 2957 443 3043 Liquor
457 2957 578 3022 eoloris
590 2977 718 3041 expers,
731 2957 850 3031 elanus,
863 2956 976 3020 odoris
988 2957 1123 3041 proprii,
1137 2956 1234 3040 pinne
1247 2957 1402 3033 volatilis,

276 3063 371 3130 focile
394 3062 652 3138 inflammabilis,
677 3061 742 3147 qui,
768 3063 796 3126 si
819 3061 1045 3126 inflammatus
1069 3067 1129 3139 eet,
1154 3063 1249 3126 ardet
1271 3061 1404 3127 flamme

275 3171 477 3256 permultum
512 3168 665 3254 fuliginis
700 3168 888 3253 praebente.
924 3169 1049 3234 Aether
1083 3169 1226 3234 Petrolei
1260 3169 1402 3246 aethere,

275 3276 509 3352 chloroforrno,
546 3275 627 3340 oleis
651 3275 831 3361 pinguibus
855 3296 915 3358 pro
938 3275 1055 3360 quavis
1079 3276 1241 3359 portione,
1266 3276 1404 3360 spiritus

276 3383 427 3469 pertibus
447 3382 518 3447 fere
534 3384 554 3445 3
570 3382 701 3447 misceri
718 3386 839 3467 potest,
855 3383 890 3444 in
907 3403 994 3466 aqua
1009 3403 1075 3446 non
1092 3382 1245 3446 solvitur.
1270 3381 1404 3446 Pondus

222 3550 225 3562 ‚
276 3491 465 3576 speeiiieum
496 3491 596 3572 0,650
627 3488 669 3552 ed
704 3488 813 3565 0,670.
860 3487 955 3552 Inter
977 3489 1097 3552 eoloris
1120 3487 1244 3572 gradus
1268 3489 1349 3552 40¹¹m
1371 3494 1405 3553 et

276 3600 356 3662 60⁸¹
379 3596 577 3662 destilletur.

320 3703 477 3769 Aetheris
502 3702 644 3767 Petrolei
668 3723 743 3766 eum
767 3701 852 3766 eeidi
876 3702 1028 3766 sulfuriei
1049 3703 1120 3786 peri
1140 3702 1309 3766 volumine
1328 3722 1405 3766 eon-

276 3810 426 3896 quassati
460 3808 551 3874 calor
582 3829 623 3872 ne
646 3813 817 3892 augeatur,
841 3807 996 3872 volumen
1020 3829 1061 3872 ne
1085 3809 1264 3885 minuatur,
1289 3811 1404 3872 neuter

277 3917 386 4002 liquor
407 3916 586 3982 coloretur.

221 4030 223 4038 '
319 4023 475 4088 Aetheris
492 4021 636 4087 Petrolei
652 4021 858 4085 centimetris
873 4021 997 4085 cubicis
1013 4023 1206 4085 dunarum
1221 4020 1406 4084 ammoniae

275 4132 471 4196 centimetro
494 4128 613 4195 eubieo
640 4131 656 4190 l
681 4131 716 4192 et
738 4127 897 4208 aleoholis
909 4127 1053 4192 absoluti
1066 4125 1270 4192 centimetris
1282 4124 1406 4190 oubioie

278 4241 297 4302 5
319 4243 352 4304 et
369 4238 508 4304 nitratis
532 4235 695 4320 argentiei
708 4233 816 4318 guttis
830 4236 881 4310 10,
896 4233 1087 4318 frequenter
1098 4231 1274 4319 quassatis,
1288 4231 1406 4295 eoloris
