3544 5050
874 547 938 610 365

341 742 504 808 rotundis.
526 742 626 806 Hilus
648 742 683 805 in
707 741 864 826 margine,
890 742 1025 826 paulum
1048 761 1207 807 recurvus
1219 764 1321 828 prope
1332 745 1469 829 apicem,

340 848 484 926 linearia,
527 849 647 913 coloris
690 848 849 913 clarioris.
900 849 1092 934 Micropyle,
1128 856 1289 934 punctum
1320 872 1470 935 parvum,

341 957 527 1034 obscurum,
561 956 696 1041 paulurn
727 976 829 1040 supra
863 955 977 1022 hilum.
1032 956 1156 1041 Raphe,
1191 955 1315 1022 lineola
1348 957 1470 1036 tenuis,

338 1062 458 1128 coloris
481 1063 640 1142 clarioris,
665 1061 846 1127 secundum
869 1063 1054 1148 marginem
1077 1062 1137 1127 hili
1159 1063 1201 1127 ad
1214 1063 1350 1128 seminis
1363 1069 1470 1130 extre·

339 1169 490 1234 mitatcm
525 1168 679 1234 obtusam
713 1169 822 1234 ducta.
866 1167 1019 1246 Ohalaza,
1051 1169 1181 1234 macula
1214 1191 1318 1255 parva
1351 1171 1471 1236 coloris

339 1275 496 1354 clarioris,
520 1281 662 1360 anguste
686 1274 832 1360 oblonga
854 1276 889 1340 in
912 1276 1125 1341 extremitate
1148 1276 1277 1341 obtusa.
1324 1277 1471 1344 Nucleus

339 1381 569 1467 endospermio
593 1382 694 1460 tenui,
719 1382 806 1460 albe,
819 1381 1034 1466 embryonem
1044 1381 1191 1467 undique
1203 1383 1367 1468 cingente,
1381 1404 1470 1468 sper-

338 1487 1471 1574 modermidiaffixo.Embry0‚sementereprorsusimplens,flavido-

338 1595 434 1659 albus
443 1615 450 1672 3
459 1595 607 1659 radicula
618 1601 714 1660 acute
727 1596 850 1673 conica,
860 1595 1086 1660 millimetrum
1100 1599 1116 1659 l
1130 1596 1243 1681 longa;
1254 1595 1470 1681 cotyledones

339 1702 460 1778 uvales,
497 1701 568 1766 basi
603 1701 738 1786 paulum
771 1703 885 1780 incisa,
921 1702 1286 1787 compressoglobosae3
1322 1703 1470 1786 plumula

341 1807 476 1871 minime
500 1808 640 1873 exculta.

385 1914 424 1978 In
437 1935 523 2000 aqua
538 1915 694 1992 emollita,
707 1914 910 2000 epidermide
921 1914 1131 1992 tumescenti,
1143 1914 1322 1979 admodum
1334 1915 1469 1981 lubrica.

385 2020 478 2085 Odor
511 2021 638 2100 nullus;
676 2043 777 2107 sapor
805 2021 1075 2106 mucilaginosus,
1098 2021 1194 2086 dulce
1217 2022 1378 2099 oleaceus,
1402 2043 1470 2086 non

341 2127 505 2192 rancidus.

805 2327 1007 2338 ——--——-

536 2497 586 2596 -Ι-
619 2498 811 2596 Senon
852 2502 1194 2621 llyristicae.

758 2681 839 2747 Nux
861 2679 1057 2747 muscheta.

384 2821 503 2886 Nuclei
545 2822 709 2887 seminum
750 2843 834 2908 quae
875 2822 943 2887 fert
985 2821 1217 2907 Myristica
1251 2821 1466 2907 fragrans,

340 2927 477 2992 Hourr.
502 2928 679 2993 Handleid.
704 2929 768 2993 III.
793 2931 867 3006 333,
890 2929 1000 2994 adhuc
1021 2929 1168 3014 tegmine
1192 2928 1396 2993 circumdati.

385 3085 589 3153 (lentimetra
622 3089 665 3153 ad
700 3093 753 3169 3,5
788 3090 890 3174 longi,
922 3089 1025 3154 crassi
1047 3087 1243 3154 centimetra
1267 3090 1329 3167 2,8,
1355 3089 1467 3153 ovales

340 3193 392 3256 vel
415 3195 655 3279 quodammodo
674 3197 775 3261 ovati.
789 3197 888 3261 Hilus
900 3196 1067 3260 indicatur
1077 3195 1255 3260 eminentia
1267 3195 1303 3259 in
1313 3195 1467 3260 extremi-

339 3303 408 3364 tate
431 3302 599 3380 crassiore,
623 3303 758 3387 paulum
781 3309 876 3368 extra
898 3308 1050 3368 centrum
1062 3302 1180 3387 posita,
1205 3323 1318 3386 parva,
1338 3301 1468 3367 orbicu-

338 3405 408 3484 lari,
432 3407 595 3473 diametro
617 3408 844 3475 millimetrum
865 3413 899 3488 53
924 3410 959 3473 in
982 3409 1075 3474 cuius
1095 3409 1166 3473 fere
1185 3408 1295 3473 medio
1316 3408 1467 3473 foramen

339 3532 488 3595 parvum,
519 3513 710 3599 micropyle.
735 3513 879 3581 Chalaza
892 3514 1464 3600 indicaturlocoimpressominore,

337 3619 491 3698 rotundo,
504 3619 539 3682 in
551 3622 761 3687 extremitate
772 3624 947 3702 contraria,
960 3623 1040 3688 item
1053 3622 1188 3707 paulum
1200 3626 1294 3687 extra
1305 3626 1465 3698 centrum,

338 3729 373 3789 at
397 3724 433 3788 in
454 3724 558 3790 altera
581 3732 675 3810 parte
697 3728 816 3812 posito,
837 3730 949 3815 inquo
962 3733 1121 3815 punctum
1134 3729 1335 3814 prominens.
1350 3728 1465 3812 Raphe

339 3831 505 3896 indicatur
525 3832 616 3897 sulco
633 3833 710 3911 late,
720 3857 788 3899 non
798 3834 877 3914 alte,
891 3836 994 3900 hilum
1007 3841 1040 3901 et
1052 3835 1220 3901 chalanem
1232 3836 1463 3920 coniungente.

339 3937 536 4022 Superficies
559 3960 660 4023 porro
682 3941 828 4027 undique
852 3942 1002 4027 praedita
1024 3947 1095 4007 rete
1108 3941 1274 4006 sulcorum
1287 3962 1347 4026 per
1357 3941 1465 4024 longi·

335 4043 487 4109 tudinem
511 4045 697 4123 ductorum,
721 4068 928 4112 ramosarum
952 4054 990 4114 ut
1009 4055 1089 4114 sunt
1111 4049 1216 4125 nervi,
1233 4051 1462 4132 anguetomm,

338 4172 405 4214 non
428 4151 588 4228 altorum;
612 4151 698 4217 clare
721 4151 825 4231 fusca,
851 4154 938 4220 hilus
961 4155 1081 4220 coleris
1099 4154 1205 4219 multo
1217 4151 1375 4228 clarioris,
1389 4152 1465 4216 cha-

337 4257 407 4320 lazu
441 4258 660 4334 obscurioris;
696 4260 807 4324 omnia
841 4260 929 4325 calce
962 4282 1149 4347 comparas,
1173 4261 1257 4325 alba.
1306 4258 1462 4342 tegmen,
