3466 5038
62 1156 276 1210 demedicamsn·

63 1253 150 1300 torum
166 1243 275 1298 validio-

75 1352 133 1389 rum
153 1333 264 1387 dacibus

105 1422 233 1478 maximis.

112 3613 148 3663 Be
164 3610 250 3678 prima

110 3700 207 3753 auxilio
224 3699 251 3751 ia

111 3789 250 3846 veneficiis.

326 529 378 577 xn

303 714 437 787 cantur;
461 729 559 793 quem
581 730 706 773 morem
730 709 876 787 medicis,
901 715 939 774 ut
962 711 997 774 in
1019 709 1162 796 receptis
1184 710 1431 775 conscribendis

304 821 449 893 teneant,
474 816 560 880 sicut
582 817 649 880 iam
672 817 707 879 in
726 816 871 881 editione
892 819 926 881 3·
938 816 1066 882 iactum
1080 822 1140 894 est,
1158 815 1267 880 denuo
1279 820 1433 881 auctores

304 944 430 987 sumus.

353 1141 403 1200 15.
452 1137 524 1200 Hac
555 1159 685 1221 quoque
714 1138 751 1200 in
772 1137 918 1201 editione
942 1137 1056 1201 multis
1079 1136 1327 1202 medicamentis
1351 1137 1432 1200 vali-

305 1244 454 1308 dioribus
476 1244 573 1308 doses
596 1244 759 1308 maximae
782 1249 929 1308 statutae
942 1250 1021 1308 sunt
1033 1249 1067 1309 et
1078 1244 1229 1329 singulae
1242 1244 1321 1307 etin
1333 1244 1433 1307 horas

305 1351 437 1414 vicenas
467 1358 656 1436 quaternas.
692 1350 765 1428 Qua
794 1373 830 1414 re
859 1352 948 1415 votis
971 1349 1181 1415 satisfactum
1204 1371 1276 1414 esse
1298 1349 1434 1414 maioris

306 1458 411 1542 partis
441 1457 771 1542 pharmacopolarum
802 1457 899 1522 nobis
922 1478 1117 1542 persuasum
1139 1463 1200 1533 est,
1225 1457 1344 1542 quibus
1367 1457 1436 1520 dux

308 1565 353 1628 sit
375 1565 410 1627 in
433 1563 640 1628 observanda
665 1567 698 1626 2⁵
712 1569 807 1648 parte
828 1564 918 1628 tituli
938 1567 967 1628 8i
986 1563 1084 1648 Legis
1108 1564 1140 1627 d.
1153 1562 1434 1627 Kalendisiuniis

308 1671 345 1734 ai.
370 1667 617 1736 MDOGCLXV
636 1671 676 1734 de
699 1675 771 1734 arte
793 1671 1061 1754 pharmaceutica
1083 1670 1274 1735 exercenda.
1311 1668 1436 1735 Contra

307 1798 363 1841 eas
393 1776 491 1840 doses
520 1776 716 1841 statuendas
746 1781 952 1861 argumenta,
977 1797 994 1840 e
1017 1777 1138 1840 litteris
1160 1781 1302 1861 sumpta,
1326 1776 1436 1840 afferri

309 1904 405 1967 posse
427 1883 530 1968 probe
549 1884 712 1947 novimus.
738 1881 823 1947 Cum
842 1887 953 1946 autem
973 1904 1028 1946 eas
1041 1883 1144 1946 statui
1157 1904 1338 1968 permagno
1361 1883 1438 1946 usui

308 1991 352 2054 sit
382 2011 443 2054 neo
465 1990 600 2054 medicis
623 1987 767 2054 facultas
789 1989 877 2054 desit
899 1989 982 2053 fines
1005 1989 1057 2052 his
1080 1988 1328 2053 medicamentis
1345 2011 1438 2073 prae-

309 2097 451 2181 scriptos
470 2096 670 2181 egrediendi,
690 2096 787 2161 nobis
798 2117 899 2160 causa
910 2096 1022 2180 gravis
1038 2117 1106 2159 non
1118 2095 1184 2160 fuit
1195 2116 1254 2158 cur
1265 2117 1284 2159 a
1296 2096 1439 2181 pristina
1469 2181 1471 2184 Ι

310 2204 549 2268 consuetudine
572 2202 825 2266 discederemus.

357 2310 463 2374 Doscs
485 2309 649 2374 maximae
672 2314 705 2372 et
728 2309 879 2393 singulae
895 2313 929 2372 et
951 2308 986 2370 in
998 2309 1098 2372 horas
1110 2309 1244 2373 vicenas
1257 2313 1436 2392 quaternas

312 2436 379 2478 non
401 2417 506 2479 solum
520 2417 588 2479 suis
600 2437 750 2500 quaeque
764 2415 930 2499 capitibus
943 2393 1151 2498 dubscriptae
1164 2420 1252 2491 sunt,
1266 2414 1437 2478 sedetiam

311 2523 348 2585 in
376 2522 484 2586 indice
507 2521 664 2586 adiectae.
710 2521 765 2586 Ita
787 2521 1057 2607 interpretandae
1084 2526 1164 2585 sunt
1186 2525 1223 2584 ut
1247 2521 1296 2584 ad
1321 2542 1439 2586 usum

314 2629 526 2693 hominum
571 2629 816 2694 adultorum
862 2630 952 2694 sint
986 2628 1340 2693 accommodatae.
1391 2627 1439 2691 In

313 2737 506 2820 receptis
536 2757 606 2801 eas
636 2736 786 2822 egredi
815 2735 993 2800 medicis
1023 2756 1105 2799 non
1129 2735 1243 2810 licet,
1267 2734 1353 2798 nisi
1375 2755 1441 2798 no·

314 2849 410 2908 tam!
435 2847 532 2928 post
562 2864 777 2906 numerum
808 2843 927 2906 dosis
957 2842 1134 2905 maioris
1166 2844 1344 2925 ponunt.

359 2949 456 3014 Nisi
485 2950 604 3014 dosis
633 2955 753 3014 certa
776 2957 938 3014 certum
962 2950 1005 3012 in
1028 2971 1146 3014 usum
1166 2947 1442 3033 praescripta

315 3061 390 3133 eat,
426 3055 549 3120 doses
587 3055 809 3119 indicatae
842 3059 942 3120 sunt
974 3055 1022 3119 ad
1052 3077 1170 3118 usum
1210 3076 1283 3139 per
1313 3074 1366 3130 os,
1392 3052 1442 3116 ad,

316 3163 581 3226 iniectiones
612 3162 918 3240 subcutaneus,
949 3162 999 3225 ad
1030 3162 1251 3245 clysmate,
1276 3159 1326 3224 ad
1350 3180 1441 3242 sup-

316 3269 542 3354 positoria,
575 3269 624 3332 ad
654 3268 922 3333 iniectiones
948 3269 991 3330 in
1014 3271 1270 3353 apparatum
1293 3287 1441 3350 uroge-

316 3377 506 3440 nitalem.

363 3595 414 3657 16.
460 3591 501 3655 In
520 3592 581 3655 hac
593 3591 878 3674 Pharmacopoeae
889 3588 1149 3653 Nederlandicae
1161 3587 1305 3652 editione
1317 3587 1443 3672 primus

316 3701 386 3764 dux
413 3698 580 3783 recipitur,
612 3697 668 3781 qui
697 3696 734 3759 in
755 3696 861 3780 primo
885 3695 1008 3759 auxilio
1030 3695 1066 3758 in
1087 3695 1246 3759 veneficio
1268 3692 1443 3777 repentino

316 3806 453 3872 ferendo
487 3804 644 3888 prodesse
677 3807 800 3887 potest.
846 3802 932 3881 Quia
957 3802 1121 3888 plerisque
1145 3801 1245 3865 talem
1268 3800 1384 3864 ducem
1407 3799 1443 3861 in

315 3913 479 3979 desiderio
502 3933 574 3976 esse
596 3909 692 3974 nobis
713 3915 831 3974 notum
843 3913 923 3986 erat,
936 3930 1011 3974 eum
1022 3908 1214 3993 recepimus.
1239 3907 1288 3971 Ut
1297 3905 1444 3971 remedia

315 4020 470 4097 indicata,
495 4039 579 4103 quae
601 4015 699 4080 facile
723 4015 968 4080 subministrari
990 4035 1087 4100 posse
1109 4034 1244 4077 necesse
1266 4016 1327 4088 est,
1351 4011 1444 4074 adbi-

316 4129 467 4200 beantur,
504 4130 615 4188 tamen
649 4123 808 4186 auxilium
842 4122 961 4186 medici
994 4142 1062 4185 non
1083 4121 1194 4183 minus
1213 4119 1327 4182 statim
1350 4117 1443 4179 invo-

318 4234 458 4299 candum
482 4237 542 4295 est.
