3530 5026
870 515 912 580 76

664 705 714 803 -Ι-
747 707 877 804 llere
909 710 1041 804 albe

370 883 456 950 Cere
478 885 591 970 epium
612 886 788 952 insolendo
810 888 921 953 colore
942 887 1031 953 flavo
1053 889 1196 973 privetu.

370 1046 482 1111 Messe
515 1047 754 1132 propemodum
783 1047 867 1126 albe,
891 1047 1018 1136 frigore
1040 1047 1180 1133 fragilis,
1205 1049 1314 1114 celem
1334 1072 1451 1115 monus

324 1152 528 1232 mollescens,
563 1159 657 1219 tectu
689 1176 758 1219 non
791 1155 935 1240 pinguis.
971 1154 1105 1220 Pondus
1135 1155 1323 1240 specilioum
1353 1159 1451 1234 0,965

325 1259 368 1323 ed
391 1261 500 1337 0,970.

370 1364 455 1431 Cere
476 1365 553 1432 albe
574 1389 682 1454 neque
704 1389 862 1453 spumans
884 1389 992 1455 neque
1014 1368 1269 1453 praecipilslum
1283 1370 1452 1455 deponens

325 1472 444 1538 caloris
466 1474 574 1560 gradu
596 1475 688 1554 62,5ο
709 1476 750 1540 od
769 1477 849 1540 64⁸¹n
860 1476 910 1540 ils
920 1475 1082 1562 liquescet
1093 1480 1131 1541 ut
1142 1475 1201 1540 fiat
1211 1476 1321 1562 liquor
1331 1475 1451 1542 coloris

326 1577 395 1642 fere
418 1600 544 1664 expers,
568 1581 685 1660 clerus,
711 1582 823 1647 odoris
846 1583 982 1667 proprii,
1007 1604 1076 1647 non
1098 1581 1235 1647 rancidi.

367 1685 464 1771 Aque
486 1686 593 1752 celids
616 1709 691 1753 cum
711 1687 797 1754 Cere
809 1689 1172 1776 elbeoonqussseleet,
1185 1689 1450 1768 cumrefrixeril,

323 1791 448 1857 fillrets
470 1795 619 1858 chortem
643 1796 902 1880 explomtoriem
925 1797 1109 1862 caeruleam
1132 1818 1174 1861 ne
1188 1795 1307 1861 reddet
1316 1797 1451 1862 rubram

322 1901 572 1978 neveoherlem,
580 1900 692 1967 iodeto
700 1903 810 1968 kelioo
818 1925 893 1969 cum
901 1904 1012 1988 amylo
1021 1902 1251 1982 madefactum,
1259 1903 1450 1969 coeruleum.

368 2003 524 2070 Ceterum
548 2006 634 2074 Cere
657 2009 733 2075 elba
750 2009 856 2075 isdem
868 2010 1025 2095 puritatis
1048 2011 1177 2096 legibus
1188 2010 1344 2076 chemicis
1356 2011 1452 2076 selis-

322 2111 434 2192 feciol,
459 2114 579 2200 quibus
602 2115 689 2182 Cere
710 2117 808 2182 flava.

787 2343 989 2354 --—-...

723 2507 853 2604 llere
899 2509 1055 2603 llere.

368 2690 454 2757 Cere
483 2689 606 2774 opium,
638 2691 756 2772 parete
777 2686 960 2772 prudenter
982 2685 1235 2772 liquefaciendis
1257 2685 1346 2754 levis
1368 2669 1452 2773 qnos

323 2798 460 2883 preebet
482 2795 587 2882 Apis
618 2792 837 2884 mellifico
860 2793 961 2858 LINN.

368 2958 478 3024 Messe
500 2957 596 3035 fisve,
633 2955 760 3042 frigore
783 2976 935 3040 granoso,
960 2955 1069 3020 celone
1100 2975 1218 3020 monus
1246 2954 1449 3032 mollescens,

322 3068 416 3130 lectu
432 3086 502 3129 non
520 3063 665 3149 pinguis,
686 3083 770 3148 quse
782 3061 902 3126 coloris
913 3061 1021 3146 gradu
1033 3061 1126 3140 62,50
1136 3061 1179 3125 ed
1192 3062 1272 3126 64ὶιΙΙΙ
1282 3061 1333 3126 ils
1347 3061 1451 3147 lique·

322 3170 385 3235 scit
408 3174 446 3234 ut
467 3168 577 3255 liquor
598 3168 658 3233 fiat
680 3169 797 3253 clerus,
822 3167 934 3233 odoris
953 3167 1068 3232 mellis.
1094 3167 1254 3232 Fructum
1264 3188 1333 3231 non
1345 3166 1452 3232 nilide

322 3297 428 3361 neque
450 3275 655 3360 crystallina.
681 3275 815 3340 Pondus
827 3275 1016 3361 specificum
1031 3275 1130 3351 0,960
1146 3273 1189 3338 ad
1201 3274 1311 3351 0,966;
1323 3272 1450 3358 globuli

322 3404 425 3460 ceree,
446 3405 505 3468 per
524 3383 623 3448 horas
641 3404 711 3447 non
734 3383 845 3448 minus
867 3403 967 3469 quem
991 3383 1033 3445 24
1052 3385 1230 3465 postquem
1249 3379 1358 3465 peresi
1369 3383 1450 3445 sunl

321 3488 455 3567 servuli,
480 3489 632 3574 suspensi
655 3493 811 3554 moneant
832 3490 869 3554 in
892 3488 1013 3574 spiritu
1024 3485 1182 3572 ponderis
1193 3485 1338 3571 specilici
1349 3507 1450 3570 supro

322 3595 471 3661 indiculi.

368 3703 515 3790 Spiritus
538 3704 735 3769 continens
757 3702 872 3768 cubios
896 3704 938 3766 20
961 3705 995 3766 el
1019 3699 1123 3767 Cerae
1141 3699 1248 3764 flnvse
1268 3701 1447 3785 gremmel

319 3811 347 3876 si
370 3830 431 3894 per
452 3810 554 3874 horse
576 3815 688 3896 perles
711 3809 933 3896 sexagesimus
956 3809 1134 3873 nonnullas
1157 3810 1317 3872 concocta
1330 3808 1450 3889 etpost

323 3918 439 3982 horem
463 3921 481 3981 1
502 3917 627 3982 filtreis
646 3921 753 3992 erunt,
778 3916 904 3981 filtreis
925 3916 1074 3980 chortem
1094 3913 1241 3978 bibulam
1267 3911 1450 3978 coeruleum

324 4045 365 4088 ne
388 4023 531 4088 reddent
553 4023 688 4088 rubrum
711 4044 794 4087 neve
818 4023 933 4088 oddils
954 4043 1040 4108 eque
1062 4019 1241 4086 odmodum
1257 4019 1447 4094 turbentur;

322 4131 523 4196 filtrelorum
554 4131 750 4195 centimetre
772 4130 888 4195 cubica
913 4132 954 4194 10
976 4132 1158 4214 evaporato
1180 4126 1449 4212 milligremmels

323 4259 365 4302 ne
388 4239 584 4324 plusquam
608 4240 650 4302 20
673 4236 872 4322 relinquant.
