3544 5050
852 529 916 592 380

362 723 389 786 Ε
413 724 540 809 liquore
564 723 653 787 claro
676 722 805 800 defusa,
830 724 924 788 euius
947 723 1059 788 adsint

417 838 551 907 partes
572 829 978 907 duodequadraginta
985 875 1354 888 ..........
1412 830 1449 886 38

318 951 398 1014 Para
421 950 480 1013 Per

413 1040 563 1092 Seeeherl
584 1042 719 1112 partes
740 1036 953 1110 sexaginta
974 1032 1073 1092 duas
1101 1080 1347 1093 .......
1409 1035 1447 1091 62

414 1139 524 1203 strepi
556 1141 691 1211 partes
713 1139 869 1191 eentum
897 1177 1346 1192 ............
1389 1131 1445 1188 100

362 1231 503 1317 Sirupus
527 1233 666 1297 obscure
688 1231 796 1296 ruber.

360 1340 501 1404 Aleohol
524 1340 685 1425 amylious
708 1360 784 1404 eum
808 1337 929 1423 Sirupo
944 1336 1121 1402 Rhoeados
1143 1343 1381 1422 conquassatus
1406 1357 1447 1400 ne

316 1447 491 1511 coloretur.

784 1669 989 1682 *ψ-

581 1880 816 2002 Sirupus
851 1881 980 1974 suti
1017 1881 1179 1974 idaei.

362 2062 503 2127 Fructus
526 2060 613 2125 Rubi
636 2061 728 2126 Idaei
751 2061 786 2124 in
805 2061 932 2145 pultem
949 2059 1111 2137 redactos,
1125 2059 1293 2124 interdum
1304 2059 1446 2145 agitans,

316 2169 436 2235 caloris
466 2168 573 2254 gradu
605 2167 829 2232 20⁰a1251=m
863 2171 932 2231 tam
967 2167 1026 2231 diu
1059 2188 1182 2251 sepone
1215 2171 1254 2231 ut
1278 2165 1447 2250 paululum

316 2277 386 2341 suoi
421 2277 545 2352 filtrati,
577 2275 716 2360 spiritus
751 2275 931 2340 voluminis
953 2273 1092 2338 dimidio
1115 2273 1267 2350 mixtum,
1292 2294 1360 2336 non
1382 2294 1448 2336 am-

319 2383 405 2467 plius
427 2383 592 2449 turbetur.

361 2491 504 2554 Massam
535 2489 693 2575 exprime,
729 2509 827 2553 sucus
862 2487 916 2552 fae
939 2509 1117 2573 parumper
1140 2487 1284 2564 ebulliat,
1306 2486 1387 2564 oola,
1411 2486 1447 2549 in

315 2597 442 2682 lagenis
477 2596 644 2661 obturatis
673 2595 746 2660 loeo
781 2594 906 2680 frigido
937 2599 1007 2659 tam
1041 2594 1100 2658 diu
1133 2615 1265 2678 sepone,
1290 2598 1328 2657 ut
1351 2592 1448 2677 plane

315 2703 490 2767 desederit.
526 2702 680 2788 Liquoris
713 2703 794 2767 olari
827 2724 926 2787 quam
962 2701 1141 2786 plurimum
1178 2699 1341 2778 defunde3
1364 2721 1448 2785 quae

316 2814 524 2894 supererunt,
548 2809 646 2873 filtra.

362 2917 486 2980 Parae

414 3029 489 3080 suoi
514 3022 699 3099 partibus
721 3020 1125 3097 duodequadraginta
1145 3065 1353 3080 ......
1411 3018 1449 3076 38

317 3140 375 3204 per

414 3231 564 3283 sarchan
584 3232 719 3302 partes
741 3227 952 3301 sexaginta
973 3223 1068 3283 duas
1106 3267 1354 3285 .......
1412 3223 1449 3281 62

414 3329 522 3394 Strupi
553 3331 687 3400 partes
709 3331 862 3382 eentum
870 3366 1354 3384 .............
1393 3321 1450 3380 100

361 3421 502 3506 Sirupus
525 3421 611 3486 clare
635 3421 744 3489 ruber.

360 3527 500 3592 Aloohol
532 3528 694 3613 amylieus
729 3550 803 3594 eum
836 3527 957 3613 Sirupo
981 3527 1068 3593 Rubi
1092 3527 1184 3592 Idaei
1208 3530 1447 3612 conquassatus

315 3656 357 3698 ne
379 3635 555 3702 coloretur.

358 3741 471 3827 Sirupi
494 3742 581 3807 Rubi
604 3742 697 3806 Idaei
720 3743 916 3807 centimetra
939 3741 1054 3806 oubiea
1079 3745 1108 3819 5,
1133 3762 1209 3806 eum
1227 3739 1447 3826 aquaeeenti·

315 3849 430 3913 metris
464 3849 589 3915 cubicis
625 3853 644 3913 5
678 3854 712 3914 et
746 3847 849 3935 oxydi
872 3849 1053 3934 magnesioi
1078 3847 1357 3935 miiligrammatis
1383 3847 1446 3909 100

315 3978 374 4041 per
406 3957 508 4020 horae
542 3961 654 4041 partes
682 3956 905 4042 sexagesimas
928 3955 1105 4020 nonnullas
1128 3954 1263 4020 fortiter
1285 3973 1445 4038 conquas-

314 4069 394 4141 sata,
424 4065 525 4128 rubra
547 4087 589 4128 ne
613 4065 681 4128 sint
704 4085 787 4126 neve
811 4063 935 4128 filtrata
958 4063 1061 4128 rubra
1085 4064 1273 4147 praebeant.
