3584 5026
872 488 937 551 208

610 679 660 777 ÷
695 684 1114 804 Hydrarpyrun.

870 862 936 946 ng.

381 995 554 1060 Metallum
579 995 751 1080 liquidum,
772 995 869 1060 valde
889 994 1042 1072 nitidum,
1060 994 1204 1060 volatile.
1219 994 1353 1059 Pondus
1366 997 1469 1080 speei-

336 1103 434 1168 fieum
460 1099 567 1180 13,57.

382 1209 641 1293 Hydrergyrum
661 1209 695 1272 in
715 1209 811 1274 acido
823 1209 945 1274 nitrien
958 1214 1066 1274 toturn
1081 1207 1241 1286 solvitur3
1260 1209 1310 1273 ite
1321 1208 1467 1273 solutum

335 1316 497 1401 liquorem
520 1315 686 1400 praebeat,
712 1317 769 1401 qui
792 1321 993 1402 evaporatus
1016 1315 1185 1380 residuum
1195 1314 1364 1401 relinquit,
1377 1313 1466 1400 quod

335 1423 514 1488 admodum
537 1422 743 1501 calefactum,
768 1427 878 1488 totum
901 1422 1078 1488 evanescit.

800 1653 1003 1664 —-—-

644 1804 854 1923 Hydrus
893 1801 1157 1898 etlorali.

755 1979 1039 2066 nuncupet.

380 2122 548 2209 Crystallu-
578 2126 672 2200 sices,
698 2145 765 2188 non
790 2125 1039 2210 hygroseopica,
1064 2124 1185 2190 eoloris
1208 2124 1365 2208 expertia,
1391 2145 1463 2208 per-

333 2231 450 2308 lucide,
474 2232 682 2308 monoelinin,
708 2232 820 2296 odoris
844 2231 979 2316 propr'ii,
1005 2231 1133 2316 saporis
1157 2230 1323 2295 subemnri
1335 2236 1369 2297 et
1381 2252 1463 2315 pun-

332 2339 451 2423 gentis,
461 2360 545 2425 quse
557 2339 592 2402 in
604 2339 722 2403 balneo
734 2360 838 2423 equae
847 2337 1007 2403 calefactu
1019 2344 1092 2403 tota
1101 2342 1312 2402 evanescunt.
1327 2337 1463 2422 Hydrus

333 2445 481 2510 Chlorali
511 2446 546 2509 in
576 2466 680 2530 aquae
704 2450 798 2530 purte
821 2450 940 2532 quarte
962 2446 1069 2528 (035)
1092 2451 1126 2509 et
1149 2444 1184 2508 in
1207 2444 1345 2528 spiritus
1367 2450 1462 2530 perte

331 2551 448 2637 quinte
472 2554 554 2635 (03)
577 2552 729 2617 solvitur.

378 2659 541 2743 Hydratis
576 2657 725 2724 Chlorali
747 2681 896 2743 gramme
922 2663 937 2722 1
963 2658 1087 2723 additis
1110 2658 1286 2723 solutionis
1309 2657 1461 2742 hydretis

330 2765 449 2831 nutrici
472 2766 694 2832 centrimetris
705 2766 829 2831 cubicis
842 2769 871 2842 2,
884 2765 1144 2831 chloroformum
1156 2785 1338 2843 secernens,
1352 2771 1460 2830 totum

329 2871 532 2935 dissolvitur.

374 2978 512 3063 Hydrae
536 2977 684 3044 Ohlorali
703 2979 739 3043 in
762 2999 847 3065 uque
870 2980 987 3062 (1:2)
1011 2979 1141 3043 solutus
1163 2979 1259 3063 plene
1278 2978 1386 3044 clerus
1405 2979 1459 3043 sit.

330 3084 370 3148 In
401 3107 487 3171 uque
509 3087 650 3169 (1:10)
673 3086 802 3150 solutus
825 3085 1004 3150 reuetionis
1027 3085 1072 3150 sit
1093 3085 1244 3149 neutrius
1267 3084 1320 3148 vel
1342 3085 1460 3150 leviter

328 3192 449 3269 acidus,
474 3193 589 3258 addito
613 3194 736 3258 nitrete
758 3191 938 3276 argentiue,
964 3213 1032 3256 non
1054 3197 1113 3256 eut
1136 3191 1193 3254 vix
1216 3191 1368 3275 opah'nus
1390 3191 1458 3256 fiet.

374 3299 510 3383 Hydrus
534 3299 683 3365 Chloreli
705 3320 773 3362 unu
795 3320 870 3364 eum
889 3298 983 3364 suido
996 3298 1117 3364 nitn‘eo
1128 3297 1308 3364 ealefeetus
1320 3319 1460 3383 vapores

328 3404 442 3470 fuscos
465 3428 507 3470 ue
530 3407 672 3472 emittet.

374 3513 510 3598 Hydrus
542 3513 690 3580 Chlorsli
719 3535 786 3579 une
816 3535 891 3579 cum
914 3514 1000 3578 auidi
1023 3513 1174 3578 sulfuriei
1197 3512 1269 3599 peri
1292 3512 1459 3577 volumine

327 3619 447 3685 leniter
468 3619 649 3687 calefactus
665 3621 833 3707 liquescit;
854 3621 982 3686 interes
993 3643 1035 3685 ne
1047 3621 1213 3686 coloretur
1224 3641 1307 3685 neve
1319 3639 1459 3704 vapores

328 3727 440 3792 acidos
463 3727 543 3794 emit
581 3733 605 3794 t.

467 3861 580 3921 Doses
602 3864 781 3922 maximae
803 3864 962 3938 singulae
985 3865 1224 3938 grammatum
1247 3861 1274 3922 2.

466 3961 578 4020 Doses
596 3961 776 4022 maximae
793 3964 829 4022 in
845 3962 952 4022 horas
970 3963 1113 4022 vicenas
1131 3965 1319 4034 quaternas

508 4065 749 4135 grammatum
769 4061 798 4123 4.
