3466 5038
882 499 901 560 6

323 697 548 764 chloroiormo
574 697 805 782 conquassatis
828 701 862 762 at
885 696 937 773 iia,
962 697 1109 782 quaeda
1132 697 1357 762 chlorolormo
1376 719 1451 762 ava-

323 811 442 892 porato
478 809 686 890 supererunt,
711 804 744 867 in
768 803 854 867 acidi
877 804 993 868 acetici
1017 805 1221 868 aonaantrati
1246 805 1451 869 centimetris

324 912 448 979 cubicis
484 915 503 975 2
538 911 658 976 solutis
692 917 735 988 et,
772 911 886 974 addita
919 911 1059 975 chloreti
1091 909 1201 975 ferrici
1233 911 1286 975 vel
1315 911 1451 975 minima

322 1021 520 1107 quantitate,
553 1018 649 1083 acido
672 1017 833 1082 sulfurieo
856 1017 1134 1102 superimpositis,
1157 1023 1299 1083 stratum
1323 1018 1450 1082 confine

323 1127 487 1205 rubescat,
511 1130 654 1190 atratum
678 1126 830 1210 superius
854 1124 1040 1188 caeruleum
1063 1124 1130 1188 liat.

367 1254 397 1316 A
427 1252 522 1316 luca
552 1255 762 1316 remotum
794 1254 1006 1314 servetur.

321 1378 434 1437 Doses
455 1378 634 1437 maximae
656 1375 817 1450 singulae
840 1379 1079 1450 grammatum
1100 1375 1129 1435 2.

320 1475 432 1534 Doses
447 1475 628 1535 maximae
642 1476 680 1534 in
695 1464 801 1533 horai
815 1475 959 1532 vicenas
970 1477 1160 1546 quaternas
1171 1477 1411 1548 grammatum
1421 1473 1451 1534 u.

786 1636 988 1647 -—-—-..-

499 1754 549 1851 -Ι-
583 1756 792 1851 laelun
836 1757 1192 1877 llylalridum.

367 1936 508 2012 Munera,
533 1934 726 2020 frequenter
748 1955 983 2020 conquassans,
1007 1955 1067 2019 per
1089 1934 1160 1999 dias
1185 1938 1205 1999 5

420 2047 639 2110 Mylahridum
676 2042 715 2098 in
753 2041 955 2118 pulverem
980 2039 1065 2118 (Bw)
1105 2039 1356 2100 redacturum

460 2147 595 2216 partes
623 2136 751 2196 decem
759 2183 1367 2202 ................
1417 2142 1453 2198 10

323 2261 383 2324 per
406 2238 528 2302 mixtas

420 2349 511 2401 Aaldl
531 2349 646 2401 aootlcl
666 2350 804 2420 partes
833 2345 1056 2419 nonaginta
1077 2389 1366 2408 ........
1414 2345 1452 2403 90

323 2430 357 2488 et
420 2518 560 2582 spiritus
587 2521 722 2590 partes
750 2512 880 2571 decem
917 2557 1366 2574 ............
1417 2515 1452 2572 10

367 2610 458 2688 Gala,
483 2611 640 2695 exprime,
665 2611 763 2675 filtra.

366 2719 491 2803 Liquor
529 2717 743 2793 fuseoflavus‚
783 2718 961 2782 admodum
997 2718 1158 2796 vesicam,
1194 2720 1251 2804 qui
1285 2720 1319 2784 in
1354 2719 1451 2784 India

323 2823 485 2888 Orientali
521 2823 764 2890 Nedarlandiea
793 2826 867 2889 loco
889 2825 1068 2889 Tincturaa
1092 2823 1335 2890 Cantharidum
1358 2826 1450 2890 adhi-

324 2929 422 2994 betur
445 2935 477 2994 et
500 2930 724 2994 cantharidini
748 2931 883 3017 triplum
908 2930 1066 2996 continet.

421 3055 535 3115 Doses
557 3057 737 3115 maximae
758 3057 916 3132 singulae
938 3057 1269 3133 milligrammatum
1290 3057 1339 3120 60.

421 3153 532 3212 Doses
554 3156 733 3214 maximae
754 3157 791 3214 in
813 3155 919 3214 horas
941 3156 1085 3214 vicenas
1107 3157 1295 3228 quaternas

462 3252 794 3328 rnilligrammatum
815 3253 883 3312 200.

322 3533 371 3631 ÷
405 3537 614 3632 laetum
659 3539 1049 3659 pyraliunusum
1093 3539 1409 3657 depuratum.

654 3705 804 3774 lantum
828 3707 1113 3790 pyrallgnosum.

366 3839 489 3925 Liquor
512 3841 737 3906 destillatione
761 3845 899 3925 paratus
922 3863 964 3904 ex
987 3847 1082 3906 aceto
1101 3843 1318 3928 pyrolignoso
1337 3841 1448 3917 cruda,

323 3945 541 4031 OH3.COOH
565 3954 677 4034 partes
700 3947 899 4012 centesimas
923 3951 942 4012 6
967 3951 1151 4015 continenti.

368 4107 492 4193 Liquor
525 4111 611 4175 clare
641 4111 748 4174 flavus
772 4112 824 4174 vel
847 4110 935 4174 clare
958 4109 1172 4188 flavofuseus,
1197 4113 1314 4183 clarus,
1339 4109 1451 4175 odoris

322 4221 357 4278 at
381 4218 511 4300 sapon's
533 4218 806 4304 empyreumatici
829 4224 864 4283 et·
886 4217 972 4281 acidi
995 4217 1122 4282 aeetici.
