3530 5026
875 523 938 586 136

379 714 545 794 Exprime,
570 715 668 795 filtra,
693 716 819 783 filtrata
842 737 987 803 evapora
1010 716 1053 781 ed
1077 715 1328 802 spissitudinem
1348 717 1463 802 sirupi‚

377 823 524 888 Massam
557 846 757 910 expressam,
793 823 988 911 frequenter
1020 825 1164 910 agitans,
1200 845 1260 908 per
1290 824 1389 888 horas
1423 826 1464 888 24

334 949 464 994 macera
487 951 547 1015 per

432 1044 542 1107 Aquae
563 1045 699 1116 partes
720 1037 1063 1116 quadringentas.
1092 1084 1099 1096 .
1122 1079 1381 1097 ........
1408 1037 1467 1095 400

378 1133 506 1199 Iterum
541 1136 688 1222 exprime
711 1140 745 1201 et
768 1157 913 1201 massam
936 1156 1127 1220 expressam
1150 1135 1267 1200 ecdem
1286 1135 1386 1200 modo
1406 1156 1466 1220 per

333 1242 434 1306 horas
459 1244 478 1307 6
503 1246 613 1308 tracta
636 1264 695 1329 per

432 1356 542 1418 Aquae
568 1357 703 1428 partes
725 1357 931 1408 trecentas
971 1392 1380 1408 ...........
1408 1348 1466 1406 300

378 1445 538 1532 Liquores
561 1470 714 1534 aquosos,
738 1470 814 1514 cum
840 1447 1040 1526 desederint,
1064 1447 1191 1512 celatos
1215 1451 1249 1512 et
1268 1447 1463 1512 coniunctos

333 1573 477 1637 evapora
495 1554 538 1618 ed
559 1555 811 1640 spissitudinem
827 1555 941 1640 sirupi‚
955 1555 1056 1619 misce
1068 1559 1219 1619 extrecto
1232 1555 1325 1639 prius
1337 1559 1462 1639 parato,

330 1660 567 1743 evaporatione
590 1661 710 1726 caloris
733 1662 840 1747 gradu
863 1683 931 1726 non
955 1661 1029 1747 plus
1053 1683 1152 1748 quam
1176 1661 1235 1726 80⁰
1254 1683 1335 1747 para
1354 1665 1463 1726 extra-

332 1769 423 1829 ctum
446 1767 601 1852 spissum.

378 1870 575 1938 Extractum
594 1873 737 1953 Helenii,
757 1875 873 1941 addita
892 1898 978 1962 aqua
996 1878 1145 1959 (1:10),
1155 1876 1316 1961 liquorem
1328 1875 1465 1960 praebet

331 1977 512 2057 turbidum,
538 1980 603 2065 qui,
628 1980 744 2046 addito
767 1983 905 2068 spiritus
930 1984 1002 2069 pari
1024 1983 1202 2059 volumine,
1227 1982 1388 2046 clarescit.

436 2345 731 2440 [structum
776 2346 1057 2466 Hydraslis
1096 2347 1359 2466 liquidum.

377 2522 480 2587 Misce

430 2633 631 2688 narremus
644 2635 820 2700 nymastln
846 2631 885 2688 in
907 2631 1107 2707 pulverem
1127 2631 1207 2708 (Bm)
1229 2630 1385 2690 redacti

470 2735 605 2806 partes
627 2727 820 2787 ducentes
848 2773 1378 2790 ..............
1407 2731 1464 2789 200

430 2832 580 2885 Pulveris
600 2833 692 2886 Acidl
712 2833 862 2885 tsttnrlcl
884 2833 997 2904 parte
1018 2825 1184 2885 dimidia
1212 2871 1381 2888 .....
1415 2829 1464 2898 0,5

332 2911 366 2972 et
431 3001 573 3065 Spiritus
594 3001 692 3054 diluti
712 2996 898 3074 partibus
920 3003 1073 3054 centum
1091 3041 1378 3056 ........
1408 2996 1465 3054 100

377 3093 565 3179 Diligenter
593 3095 695 3180 depse
725 3099 760 3160 et
790 3095 895 3159 mixta
918 3115 977 3180 per
999 3095 1099 3159 horas
1124 3096 1166 3158 24
1188 3094 1224 3157 in
1247 3116 1327 3160 vase
1350 3095 1462 3159 clauso

332 3221 471 3286 sepone;
503 3222 647 3267 massam
670 3203 802 3288 saepius
825 3201 945 3267 leviter
968 3223 1130 3286 premens,
1166 3201 1202 3266 in
1225 3202 1463 3287 percolatorem

329 3307 463 3372 inmitte
494 3312 528 3372 et
551 3329 610 3393 per
633 3309 788 3393 spiritum
811 3309 955 3373 dilutum
978 3307 1110 3392 percolo
1129 3306 1210 3372 dum
1233 3313 1370 3392 paratae
1393 3309 1462 3373 sint

429 3421 564 3491 partes
592 3422 748 3474 centum
769 3417 982 3492 sexaginte
1009 3459 1377 3474 ..........
1407 3414 1463 3472 160

375 3509 449 3590 Quo
482 3511 610 3597 liquore
645 3513 825 3599 separatim
860 3518 1004 3592 servate,
1041 3533 1101 3598 per
1131 3511 1287 3598 spiritum
1318 3513 1461 3577 dilutum

331 3617 499 3702 percolere
522 3640 632 3706 perge,
652 3620 732 3686 dum
751 3621 857 3686 mixta
874 3620 1013 3707 liquoris
1032 3619 1209 3686 defluentis
1229 3620 1462 3685 centimetrum

331 3722 483 3788 cubicum
519 3729 536 3788 l
573 3730 607 3792 et
629 3747 734 3814 aquae
757 3727 955 3793 centimetra
976 3727 1093 3794 cubica
1118 3730 1136 3792 2
1160 3727 1275 3792 addite
1296 3726 1461 3792 ammonia

331 3852 400 3896 non
417 3830 561 3916 emplius
580 3833 767 3900 turbentur.
788 3835 881 3902 Haec
904 3835 1073 3921 percolata
1095 3857 1240 3921 evapora
1262 3834 1305 3898 ed

429 3945 565 4016 partes
586 3941 847 4019 quadraginta
855 3985 1377 4003 ..............
1424 3940 1462 3998 40

331 4057 414 4122 quas
433 4037 470 4101 in
488 4040 665 4124 percolatis
685 4040 777 4136 prius
796 4042 944 4108 collectis
956 4042 1066 4106 solves
1078 4041 1121 4105 ad
1132 4040 1318 4106 solutorum
1331 4037 1461 4124 pondus

429 4147 604 4222 partium
628 4145 889 4206 ducentarum
890 4191 1375 4209 ,,,,,,,,,,,,,
1404 4144 1461 4204 200

375 4241 551 4328 Liquorem
576 4266 635 4330 per
660 4245 731 4312 dies
756 4248 798 4310 14
819 4246 892 4312 loco
915 4245 1040 4334 frigido
1063 4267 1195 4332 sepone,
1219 4243 1340 4309 deinde
1361 4243 1458 4308 filtra.
