3544 5050
867 518 932 579 428

671 715 880 808 Tannus
910 711 1125 808 Giinini.

378 871 478 936 Solve

431 983 560 1036 chium
581 986 716 1055 partes
736 997 802 1038 sex
848 1025 1379 1040 ..............
1447 980 1465 1038 6

334 1096 369 1138 m
430 1169 571 1234 Spiritus
591 1171 735 1224 fortioris
762 1168 948 1243 partibus
969 1165 1171 1224 duodecim
1174 1211 1375 1226 ......
1426 1167 1463 1223 12

376 1262 511 1328 Solulas
534 1263 570 1327 in
593 1264 714 1329 balneo
732 1286 837 1350 aquae
856 1263 982 1330 caliace
1001 1269 1035 1329 eb
1065 1264 1198 1328 assidue
1229 1263 1362 1348 agitans
1382 1285 1461 1348 pau·

331 1369 425 1434 latim
447 1369 533 1434 adde
556 1370 702 1435 Tennini
724 1375 864 1450 cantum,
889 1376 1051 1456 quantum
1074 1371 1233 1435 convenii
1254 1392 1330 1435 cum

430 1481 567 1533 Tannlnl
586 1483 699 1534 siccati
721 1477 892 1554 partibus
914 1475 1095 1534 tredecim
1132 1521 1381 1536 .......
1430 1477 1466 1533 13

377 1572 513 1639 Calface
546 1575 581 1639 in
615 1576 731 1660 patina
766 1581 883 1661 operio
917 1575 996 1638 dum
1028 1574 1133 1639 mixta
1163 1575 1350 1660 aequabilia
1373 1573 1464 1639 facta

333 1680 422 1760 sinl3
447 1702 512 1766 quo
535 1680 627 1747 iccio
651 1681 783 1747 effunde
806 1682 842 1745 in

431 1795 540 1858 Aquae
562 1795 695 1865 partes
716 1796 870 1847 centum
891 1832 1379 1847 .............
1409 1787 1466 1844 100

375 1885 549 1950 interdum
584 1887 756 1953 malaxaus
791 1909 914 1972 sepone
948 1885 1028 1950 dum
1063 1887 1318 1972 praecipibahum
1352 1883 1462 1971 pulvis

331 1992 441 2058 foebus
472 1993 526 2057 sit.
574 1995 749 2058 Pulverom
772 1994 900 2080 collige,
923 1993 1058 2058 fortiter
1080 1992 1238 2078 exprime,
1263 1991 1318 2057 fac
1341 2011 1460 2068 massa,

330 2099 365 2162 in
390 2103 532 2164 strabum
556 2105 656 2165 benuo
679 2106 824 2180 extenta,
848 2123 925 2166 aere
947 2106 1086 2165 arescat.
1115 2099 1190 2179 Quo
1212 2097 1304 2164 lacto
1327 2104 1461 2164 contere

331 2211 365 2270 et
389 2205 558 2290 pulverem
581 2207 630 2271 ita
652 2213 805 2292 paratum
828 2209 863 2271 in
887 2207 1007 2271 balneo
1029 2227 1133 2291 cquae
1157 2204 1290 2270 caliace.

377 2312 489 2376 Pulvis
512 2311 698 2379 flavoalbus
723 2314 776 2377 vel
800 2313 981 2392 subflavum
1006 2313 1134 2398 saporis
1157 2310 1229 2376 fere
1252 2332 1380 2396 expers,
1405 2311 1462 2396 qui

329 2419 363 2482 in
387 2440 474 2504 aqua
496 2441 595 2504 aegre
618 2419 769 2497 solvitur,
793 2423 830 2484 ab
853 2418 985 2484 facibus
1008 2419 1043 2482 in
1067 2418 1188 2503 spiritu
1211 2416 1327 2483 calido.

375 2525 536 2590 'leonatis
568 2525 705 2591 Chinini
735 2526 1006 2610 milligrammala
1032 2527 1104 2602 100,
1130 2546 1234 2610 aquae
1257 2523 1462 2589 cantimebris

331 2630 456 2695 cubicis
491 2634 510 2696 5
546 2631 661 2709 mixis,
696 2632 811 2698 addila
845 2632 986 2697 chloreti
1008 2630 1120 2696 iemici
1143 2636 1242 2716 mitta
1267 2634 1295 2709 1,
1319 2630 1461 2695 colorem

331 2737 464 2802 sordide
488 2739 671 2804 violaceum
696 2741 845 2804 trahunt.
1273 2721 1274 2724 Ἴ

375 2843 537 2910 Tannaiia
580 2843 716 2910 Ohinini
759 2869 835 2931 pars
873 2852 901 2924 1,
937 2845 1061 2910 additis
1095 2844 1181 2910 acidi
1216 2843 1461 2930 hydrochlorici

206 2935 208 2940 ’
331 2955 425 3035 parte
462 2955 478 3014 1
515 2956 549 3015 eb
583 2974 688 3038 cquae
723 2953 873 3038 pertibus
911 2954 951 3016 19
983 2952 1180 3028 commixtis,
1205 2951 1366 3037 liquorem
1390 2949 1461 3015 fere

331 3057 466 3135 clarum,
491 3057 615 3123 flavum
640 3059 786 3144 praebet.

375 3163 490 3248 Aquae
525 3165 671 3249 partium
706 3168 748 3229 20
782 3187 857 3230 cum
891 3165 1053 3230 Tannabis
1081 3161 1219 3228 Ohinini
1242 3165 1335 3248 pario
1361 3166 1377 3226 1
1403 3184 1462 3248 per

331 3269 433 3333 horae
467 3276 595 3354 partem
629 3272 859 3337 duodecimam
893 3275 1187 3357 conquassatamm
1229 3271 1363 3346 filircia,
1402 3291 1463 3354 per

331 3375 461 3440 acidum
491 3377 648 3442 uitricum
675 3377 817 3443 dilutum
839 3377 934 3443 acida
957 3377 1057 3454 iacta,
1081 3377 1324 3442 deturbantur
1346 3375 1462 3440 addito

331 3483 456 3547 mirate
479 3483 630 3570 baryhico
654 3507 738 3551 neve
761 3485 885 3550 niirate
907 3485 1079 3570 argentico

375 3590 537 3655 Tannaiis
572 3588 712 3656 Chinini
743 3597 929 3677 grammate
966 3595 982 3655 1
1010 3613 1068 3676 per
1091 3591 1192 3656 horae
1215 3595 1343 3676 parbem
1368 3609 1461 3652 sexa-

329 3695 490 3778 gesimam
524 3719 599 3761 oum
633 3698 778 3763 aetheris
812 3697 1016 3762 centimeiris
1050 3699 1175 3764 cubicis
1210 3700 1252 3762 50
1279 3702 1313 3761 et
1346 3695 1461 3759 mixbis

329 3803 506 3867 solutionis
540 3803 693 3888 hydratis
726 3804 847 3869 notrici
881 3805 1086 3870 centimauis
1109 3803 1233 3870 cubicis
1257 3805 1277 3866 3
1301 3807 1335 3867 ei
1356 3823 1462 3887 cquae

329 3909 535 3975 centimairis
564 3911 689 3976 cubicis
710 3912 727 3977 7
749 3917 981 3998 conquassato,
1004 3912 1113 3998 liquor
1136 3909 1303 3994 sepositus
1325 3903 1403 3973 mox
1425 3908 1460 3971 in

330 4016 398 4080 duo
420 4022 527 4083 straba
549 4019 639 4083 clara
657 4019 837 4099 dividatur,
862 4021 898 4084 in
915 4024 1022 4084 strato
1034 4018 1155 4083 confini
1166 4015 1376 4102 crystallano
1388 4035 1461 4100 spe-

331 4128 472 4188 ctentur.
520 4125 594 4205 Quo
617 4125 754 4212 liquore,
778 4126 903 4193 additis
925 4125 1072 4213 pulveris
1092 4124 1329 4209 tragacanthac
1352 4143 1461 4208 gram·

331 4230 430 4294 matis
454 4233 482 4308 2,
503 4233 623 4298 ilerum
644 4257 702 4320 per
725 4236 966 4321 horaepartem
979 4232 1217 4317 sexagesimam
1229 4232 1459 4315 conquassato
