3466 5038
233 629 466 715 abrogandam
490 650 562 694 esse
585 633 760 694 censerent
780 628 880 713 idque
897 627 1104 695 consiliariis
1116 631 1229 716 Regiis
1240 632 1372 697 suaderi

233 737 367 814 vellent,
394 736 507 801 minor
529 757 607 821 pars
631 742 755 803 essent.

277 843 552 928 Pharmacopoea
563 863 716 907 sermone
729 841 864 927 Belgico
875 842 1022 920 condita,
1035 843 1155 908 deinde
1167 844 1203 908 in
1215 843 1373 909 Latinum

232 971 330 1014 versa
353 955 419 1014 est.
455 949 616 1029 Quamvis
634 950 777 1014 multum
800 971 899 1014 curae
921 949 958 1014 in
980 949 1065 1014 libro
1088 951 1250 1016 vertendo
1274 952 1373 1016 collo·

233 1063 345 1123 catum
361 1057 420 1135 sit,
433 1056 536 1121 editio
548 1055 581 1121 N
582 1055 791 1121 ederlandioa
802 1056 900 1121 nobis
911 1054 1131 1142 praeferenda
1143 1077 1215 1122 esse
1227 1057 1371 1122 videtur.

119 1252 124 1264 ·
194 1288 206 1300 .
278 1237 309 1302 8.
358 1233 405 1298 In
427 1233 593 1319 capitibus
615 1233 832 1318 disponendis
854 1233 941 1298 sicut
963 1234 999 1296 in
1012 1233 1157 1298 editione
1170 1236 1204 1298 3⁰
1219 1238 1373 1298 servatus

99 1341 104 1352 '
146 1382 152 1394 -
235 1347 286 1406 est
317 1339 405 1406 ordo
431 1339 711 1424 litterarumqui
734 1339 819 1417 usui,
843 1340 897 1403 oui
920 1340 1187 1425 Pharmacopoea
1210 1340 1373 1426 imprimis

38 1642 147 1708 Corporum
164 1660 207 1699 uc.

87 1749 148 1784 mer.

60 3945 183 4018 deceptio

55 4033 194 4102 displiciut.

234 1447 362 1512 servire
388 1446 496 1523 debet,
520 1447 664 1510 maxime
686 1445 954 1511 accommodatus
978 1452 1038 1512 est.

281 1628 312 1690 9.
362 1623 550 1709 Corporum
573 1624 718 1702 nomina,
744 1624 858 1709 paucis
881 1625 1038 1709 exceptis,
1066 1625 1182 1689 eadem
1198 1632 1373 1711 suntquae

236 1731 398 1797 editionis
410 1734 470 1795 3⁸⁸.
494 1730 598 1795 Initio
610 1730 706 1794 nobis
717 1731 950 1816 proposuimus
962 1751 1139 1816 corporum
1151 1731 1373 1796 chemicorum

234 1837 431 1902 nominibus
464 1836 540 1913 uti,
560 1857 644 1921 quae
677 1835 713 1898 in
747 1837 860 1921 regnis
889 1837 1009 1901 vicinis
1038 1837 1164 1901 usitata
1196 1842 1283 1915 sunt,
1308 1859 1373 1923 quo

234 1944 327 2010 lacto
351 1965 423 2007 non
446 1943 553 2008 solum
577 1942 844 2029 Pharmaoopoea
867 1942 1111 2008 Nederlandica
1121 1943 1289 2008 codicibus
1301 1944 1373 2008 illo-

234 2073 310 2116 rum
332 2071 516 2136 regnorum
538 2051 646 2134 magis
669 2071 704 2114 se
727 2050 918 2136 applicaret,
940 2051 1128 2128 sedetiam,
1150 2049 1266 2115 ordine
1284 2050 1374 2115 litte-

235 2180 352 2222 rarum
387 2162 528 2234 servato,
565 2156 656 2234 ordo,
692 2157 779 2242 quod
816 2156 860 2220 ad
899 2157 1202 2242 pharmaoologiam
1241 2157 1372 2235 attinet,

235 2265 357 2330 melior
385 2269 482 2329 esset.

279 2372 323 2435 In
351 2369 662 2436 consultationibus
685 2376 797 2434 autem
820 2390 908 2433 anno
922 2368 1060 2434 MCMII
1074 2369 1238 2433 Bruxellis
1250 2369 1374 2434 habitis

235 2485 273 2543 ut
304 2477 552 2542 medicamenta
580 2476 743 2541 validiora
775 2476 924 2561 paranda
954 2477 1042 2540 inter
1074 2496 1189 2539 omnes
1220 2476 1374 2540 nationes

235 2584 468 2661 convenirent,
500 2604 566 2660 eos,
598 2583 655 2668 qui
678 2583 721 2647 ad
745 2581 1017 2647 Consultationes
1040 2582 1134 2646 missi
1157 2586 1277 2659 essent,
1303 2583 1374 2646 sine

235 2691 429 2754 variatione
451 2710 586 2753 censere
601 2689 756 2774 apparuit
767 2689 1084 2753 medicamentorum
1096 2688 1232 2752 nomina
1244 2710 1374 2774 quoque

235 2798 332 2863 inter
353 2801 470 2882 gentes
493 2797 681 2860 consentire
704 2817 777 2860 ere
797 2815 887 2879 esse;
910 2794 968 2859 ubi
980 2817 1055 2860 cum
1068 2799 1220 2879 optatum
1232 2795 1277 2859 sit
1289 2795 1375 2859 hanc

236 2927 310 2969 rem
338 2903 376 2966 in
398 2901 639 2988 posterioribus
663 2901 974 2967 Consultationibus
997 2903 1119 2966 iterum
1142 2901 1288 2979 tractari,
1312 2923 1374 2967 nos

238 3033 309 3076 non
337 3015 427 3073 recte
448 3007 598 3074 facturos
628 3010 828 3094 putavimus,
860 3009 889 3074 si
919 3008 955 3071 in
985 3008 1155 3072 mutandis
1184 3008 1375 3072 nominibus

238 3137 430 3203 corporum,
462 3136 547 3200 quae
576 3115 620 3179 ad
642 3137 712 3180 rem
734 3116 914 3180 chemicam
937 3115 1115 3200 pertinent,
1140 3119 1374 3198 perstaremus,

239 3223 334 3310 quod
355 3223 452 3286 initio
474 3221 572 3286 nobis
595 3243 881 3307 proposueramus.

287 3329 478 3414 Corporum
507 3328 642 3392 nomina
673 3327 817 3414 Belgica,
850 3350 933 3413 quae
964 3333 1097 3413 praeter
1127 3348 1232 3412 pauca
1255 3326 1376 3391 Latina

240 3441 440 3522 sequuntur,
463 3456 532 3499 non
555 3456 685 3520 semper
706 3436 747 3499 ad
759 3434 899 3499 verbum
912 3435 1076 3499 translata
1090 3437 1179 3498 sunt.
1203 3431 1273 3497 Ubi
1285 3432 1376 3496 aliud

241 3565 368 3608 nomen
389 3563 454 3606 usu
476 3546 628 3606 sanctum
651 3547 732 3619 erat,
756 3542 813 3606 vel
836 3541 935 3606 breve
959 3545 993 3605 et
1012 3545 1128 3626 aptum
1140 3539 1221 3626 fingi
1233 3543 1374 3624 poterat,

241 3649 329 3714 illud
350 3647 479 3714 nomini
501 3647 545 3712 ad
567 3648 705 3712 verbum
729 3649 892 3713 translato
912 3647 1182 3732 anteponendum
1195 3666 1266 3710 esse
1278 3645 1376 3710 nobis

242 3757 357 3821 visum
379 3761 440 3819 est.

269 3939 324 4001 10.
371 3933 414 3998 In
437 3932 647 4017 Simplicibus
670 3933 896 3998 describendis
918 3933 1053 3996 nomina
1065 3930 1252 4006 herbarum,
1267 3926 1378 4012 qualia

244 4043 282 4108 in
304 4041 422 4106 Indice
445 4039 600 4104 Kewensi
621 4041 788 4127 leguntur,
812 4046 847 4104 et
868 4039 970 4104 verba
993 4037 1157 4102 litteraria
1172 4036 1219 4101 ibi
1230 4032 1377 4110 laudata,

245 4153 414 4234 quantum
436 4145 510 4210 fieri
532 4150 670 4228 poterat,
693 4145 839 4231 recipere
861 4145 1076 4211 decrevimus.
