3544 5050
848 527 912 590 425

517 716 567 814 ·l·
601 718 779 815 Sultur
810 718 1155 815 sublimatum.

708 897 835 968 Flores
858 897 1035 968 sulfuris.

860 1041 894 1106 S.

355 1183 468 1248 Pulvis
501 1183 621 1262 tenuis,
657 1183 790 1262 citreus,
826 1184 883 1270 qui
916 1183 1102 1269 dioxydum
1125 1181 1263 1247 sulfuris
1287 1181 1444 1248 emittens

310 1289 525 1355 comburitur.

354 1395 500 1462 Sulfuris
523 1397 693 1462 sublimati
715 1419 866 1482 gramma
892 1400 908 1459 1
923 1398 1134 1462 combustum
1149 1395 1306 1460 materiae
1318 1394 1445 1459 solidae

309 1525 351 1567 na
374 1503 572 1589 plusquam
595 1503 863 1589 milligrammate
889 1506 929 1567 10
952 1503 1131 1589 relinquat.

776 1732 980 1742 ——·-=——-

467 1919 518 2017 -Ι-
548 1920 883 2017 Summltates
924 1919 1198 2014 ltsinttii.

352 2098 448 2162 Remi
482 2097 641 2164 florentes
674 2119 759 2184 quos
784 2098 852 2163 fert
875 2096 1116 2163 Artemisia
1149 2096 1442 2172 Absinthium,

308 2204 408 2269 LINN.
423 2205 480 2291 Sp.
492 2205 538 2269 Pl.
549 2207 623 2283 848,
634 2205 764 2271 collecti
776 2205 871 2271 brevi
881 2210 1061 2290 antequam
1068 2203 1214 2289 capitulo
1226 2207 1342 2290 aperta
1354 2209 1443 2268 sunt.

351 2364 604 2431 Inflorescentis
627 2366 747 2430 mixta:
773 2365 918 2451 capitula
940 2365 1104 2442 nutantia,
1130 2365 1262 2450 singula
1286 2364 1339 2429 val
1354 2365 1442 2441 bina,

307 2469 388 2535 haec
418 2469 454 2533 in
476 2490 634 2548 racemos,
659 2471 781 2535 racemi
804 2471 839 2534 in
862 2469 1033 2556 paniculas
1056 2470 1235 2536 coniuncti.
1283 2472 1443 2537 Bractese

307 2575 495 2661 ubicunque
536 2576 622 2641 rami
663 2581 795 2652 exeunt,
838 2575 940 2641 etiam
976 2575 1128 2658 singulae
1161 2576 1215 2640 vel
1249 2576 1347 2641 binae
1381 2577 1445 2642 sub

307 2682 448 2767 singulis
471 2683 642 2770 capitulis3
667 2683 854 2768 superiores
879 2682 1081 2747 lanceolatse
1104 2681 1147 2746 ad
1164 2682 1315 2760 lineares,
1329 2681 1444 2747 inferi-

307 2810 382 2854 ores
415 2789 458 2854 ad
481 2790 800 2876 bipinnstipartitas.
848 2790 944 2854 Romi
968 2795 1002 2854 et
1026 2773 1179 2854 bracteae
1202 2790 1442 2874 griseotomen·

305 2899 380 2960 tosa
403 2917 462 2981 par
485 2896 570 2982 pilos
593 2897 735 2982 liguram
757 2896 889 2961 litterae
905 2896 933 2959 T
952 2896 1156 2974 exhibentes,
1170 2896 1331 2974 diract0s3
1357 2896 1445 2961 inter

306 3023 363 3068 eos
386 3003 494 3068 crebri
518 3003 578 3089 pili
599 3005 737 3089 capitati
761 3003 1047 3090 oblongoglobosi.
1073 3001 1266 3090 Capitulum
1280 3004 1445 3069 diametro

307 3109 622 3188 millimetrumadb,
632 3109 703 3175 fere
712 3110 897 3196 globosum.
906 3109 1123 3175 Involucrum
1132 3109 1323 3174 foliolorum
1331 3111 1444 3176 imbri-

306 3222 465 3296 catorum,
493 3239 634 3302 qnorum
647 3217 1000 3294 extremalancaolatn,
1025 3217 1271 3294 intimaovslis,
1296 3239 1445 3303 quaeque

306 3323 418 3387 omnia
441 3324 590 3409 margine
614 3325 688 3409 plus
712 3324 865 3388 minusve
888 3323 1141 3389 membranaceo
1165 3329 1198 3388 et
1222 3325 1329 3410 pilosa
1352 3331 1441 3402 sunt,

306 3430 354 3494 ita
376 3435 414 3494 ut
436 3431 565 3515 reliqua
588 3431 711 3517 planta.
735 3431 993 3517 Receptaculum
1005 3431 1188 3508 minimum,
1202 3429 1354 3506 solidum,
1368 3431 1444 3517 pilis

306 3536 400 3601 albis.
418 3536 534 3601 Flores
545 3538 692 3623 apigyni,
705 3538 807 3623 pappi
818 3542 981 3623 expertes.
995 3537 1140 3602 Floscnli
1151 3537 1236 3601 radii
1248 3558 1316 3600 non
1326 3537 1443 3614 crebri,

306 3648 433 3721 tenues,
458 3643 610 3722 feminei3
635 3644 758 3708 corolln
783 3644 946 3722 tubulosa,
966 3644 1115 3729 margine
1127 3645 1260 3730 integro
1272 3644 1326 3708 vel
1337 3643 1444 3708 denti-

306 3749 389 3814 culis
412 3772 480 3815 non
503 3749 580 3836 plus
603 3771 702 3836 quam
726 3754 756 3815 3.
781 3751 925 3816 Floscnli
945 3750 1029 3816 disci
1048 3750 1153 3828 multi,
1168 3748 1442 3835 hermaphroditi,

306 3855 548 3941 heterodistyli,
584 3857 709 3922 corolla
733 3857 900 3935 tubulosa,
925 3858 1076 3942 margine
1098 3857 1276 3922 denticulis
1300 3859 1329 3933 5,
1355 3854 1444 3918 infre

307 3961 439 4040 virides,
465 3985 567 4049 supra
589 3963 724 4027 sordide
747 3963 872 4028 flavidi.

351 4067 443 4132 Odor
465 4069 684 4146 aromaticus;
709 4090 808 4155 sapor
831 4071 1042 4148 aromaticus,
1067 4089 1270 4155 peramarus.

777 4295 980 4307 ι--ι--υι
