3584 5026
879 497 942 561 198

340 693 522 771 dementes,
547 692 627 758 vitri
650 692 758 757 instar
780 691 927 756 nitentes
943 691 1053 775 frangi
1067 697 1217 776 possunt.
1244 690 1473 774 Odornullus;

342 822 442 886 sapor
465 799 589 865 fatuus.

384 908 518 974 Gummi
552 907 720 973 arabicum
755 906 790 969 in
822 927 926 992 aquae
950 906 1097 991 pondere
1120 905 1244 991 duplici
1267 907 1418 971 solvatur
1440 907 1475 970 in

340 1035 471 1080 mucum
482 1014 616 1093 clarum,
630 1014 750 1079 coloris
762 1011 832 1078 fere
841 1019 1020 1098 expertem,
1030 1012 1142 1077 odoris
1151 1034 1287 1098 prorsus
1295 1017 1473 1099 expertem,

339 1122 517 1188 reactionis
536 1110 656 1187 leviter
674 1121 795 1199 acidae,
816 1121 883 1206 qui,
903 1127 1032 1207 partem
1047 1142 1254 1206 gummosem
1265 1119 1474 1185 insolubilem

339 1229 464 1293 nullam
487 1250 670 1308 secernens,
694 1250 780 1314 aqua
803 1228 900 1294 facile
919 1228 1001 1292 dilui
1013 1228 1129 1314 possit.
1149 1227 1275 1293 Addito
1291 1227 1410 1313 spiritu
1422 1226 1474 1292 vel

340 1335 488 1401 chlorcto
530 1335 650 1401 ferrico
690 1335 743 1400 vel
781 1335 934 1400 biboratc
967 1335 1096 1400 natrico
1131 1356 1246 1400 mucus
1280 1354 1473 1419 gummosus

339 1443 476 1528 praebet
498 1442 688 1529 gelatinam.
1412 1461 1416 1468 ·

383 1550 517 1614 Gummi
540 1551 708 1616 arabicum
733 1550 768 1613 in
792 1571 879 1636 aqua
901 1553 935 1632 (1
951 1575 984 1610 ,τ
999 1551 1057 1633 10)
1076 1549 1233 1627 solutum,
1245 1549 1281 1612 in
1293 1548 1375 1614 tubo
1386 1547 1472 1613 deci·

338 1663 481 1722 metrum
507 1660 523 1720 1
549 1657 649 1742 longo
672 1657 846 1736 inclusum,
870 1657 999 1722 rodium
1023 1655 1105 1723 lucis
1128 1657 1328 1741 polarisatae
1350 1654 1473 1742 grndm

338 1763 409 1829 iere
439 1766 531 1842 -2‚5
555 1763 762 1849 detorqueat.

382 1871 517 1936 Gummi
539 1871 709 1937 arabicum
724 1871 760 1935 in
775 1893 861 1957 equa
872 1874 906 1955 (l
916 1897 947 1930 =
957 1872 1035 1954 100)
1046 1870 1203 1949 solutum,
1217 1869 1332 1936 addito
1344 1875 1471 1936 acetate

336 1976 512 2062 plumbico,
522 1977 776 2063 praecipitatum
788 2000 830 2042 ne
841 1978 996 2062 deponet,
1006 1983 1042 2043 00
1053 1977 1209 2062 deponet,
1219 1976 1334 2043 addico
1346 1983 1472 2042 scetate

338 2084 504 2169 plumbino
531 2085 642 2150 basico
672 2079 772 2171 atque
803 2086 912 2164 etiam,
945 2106 1049 2170 oquae
1079 2084 1271 2170 quantitate
1293 2084 1470 2168 centuplici

337 2191 490 2270 dilutum,
515 2192 678 2258 turbetur.

382 2298 514 2362 Gummi
538 2298 705 2364 arabicum
727 2300 763 2363 in
786 2321 872 2386 aqua
891 2301 924 2382 (1
940 2324 974 2358 =
991 2299 1047 2383 10)
1068 2299 1224 2376 solutum,
1250 2297 1365 2363 addita
1384 2296 1470 2362 solu-

337 2403 439 2469 tionis
472 2405 554 2470 iodii
577 2411 675 2491 gutta
700 2410 729 2484 l,
752 2407 937 2472 caeruleum
957 2427 1041 2471 nove
1054 2405 1185 2471 luscum
1196 2403 1471 2491 fiat(amylcmet

336 2513 540 2596 doctrinam)
557 2535 651 2592 neve,
675 2513 789 2579 addita
811 2513 950 2579 chloreti
974 2512 1086 2579 lcrrici
1108 2517 1207 2600 gutta
1231 2516 1260 2590 1,
1284 2534 1302 2576 e
1321 2510 1470 2576 caerulco

336 2641 419 2684 neve
450 2641 467 2684 s
497 2619 597 2684 viridi
627 2621 804 2706 nigrescat.
837 2618 921 2686 Gum
948 2620 1076 2705 liquore
1100 2619 1253 2704 Fehlingi
1275 2623 1470 2684 concoctum

336 2725 484 2811 oxydum
510 2748 687 2812 cuprosum
712 2727 847 2791 omnino
870 2749 912 2790 ne
935 2731 1086 2792 secernat
1108 2732 1168 2791 000
1190 2731 1319 2811 partem
1343 2725 1469 2811 perexi-

335 2855 452 2918 guam
477 2833 662 2899 solutorum
682 2834 877 2899 centimetra
896 2833 1011 2899 cubica
1024 2835 1065 2896 25
1078 2837 1116 2896 ut
1128 2832 1280 2897 neutrius
1292 2831 1468 2897 reactionis

335 2941 412 3018 sint,
426 2940 743 3025 phcnolphtbaleino
756 2940 948 3018 indicatoro,
962 2939 1056 3005 alcali
1068 2933 1298 3005 decinormalis
1310 2961 1352 3003 ne
1360 2938 1469 3002 minus

334 3068 434 3132 quem
463 3048 694 3113 centimetrum
725 3047 876 3113 cubicum
905 3050 922 3110 1
947 3069 1030 3110 neve
1054 3046 1129 3131 plus
1152 3067 1251 3131 quem
1274 3046 1469 3111 centimetra

334 3154 450 3220 cubica
473 3157 493 3218 3
516 3154 696 3239 requirant.

378 3261 512 3326 Gummi
534 3261 702 3326 arabicum
724 3261 935 3326 combustum
959 3261 1079 3325 cineris
1097 3281 1139 3324 ne
1160 3260 1467 3345 plusquampartes

333 3369 530 3432 centesimas
553 3370 574 3431 4
597 3367 771 3453 relinquat,
797 3367 854 3453 qui
877 3368 961 3434 cinis
984 3367 1080 3432 albus
1104 3366 1157 3432 sit.

799 3571 1001 3582 -—--—--n

535 3722 585 3820 ÷
618 3726 815 3848 Gummi
864 3723 1179 3819 elaslicum.

377 3903 484 3968 Sucus
529 3904 657 3969 lacteus
702 3903 863 3969 incisione
909 3909 1046 3987 paratus
1081 3923 1098 3964 e
1134 3899 1303 3964 nonnullis
1338 3896 1463 3983 teporis

334 4009 584 4077 Urticaceis
624 4014 658 4074 et
693 4009 1042 4095 Euphorbiacsis
1081 4007 1230 4072 arboreis
1274 4005 1325 4070 vcl
1361 4005 1464 4089 Apo-

332 4118 537 4201 cynaceis
587 4117 736 4182 caulibus
777 4115 1023 4194 scandentibus,
1066 4114 1246 4190 tortilibus,
1287 4117 1463 4198 postquem
1579 4175 1581 4180 ,

332 4223 456 4288 coaluit
483 4225 643 4300 0100000ος
675 4223 837 4308 imprimis
861 4245 954 4287 merx
978 4222 1103 4286 venalis
1128 4244 1169 4286 ex
1188 4220 1341 4284 Amcrica
1364 4217 1461 4282 Meri·
