3532 5034
850 482 915 544 492

341 673 442 758 Aqua
465 676 633 760 Barytno.

606 818 743 904 Hydrus
766 818 938 904 baryticus
961 818 997 882 in
1022 841 1110 905 aqua
1132 821 1167 903 (1
1182 845 1216 880 =
1231 822 1287 903 25)
1309 819 1448 885 solutus.

321 1013 441 1098 *Aqua
462 1015 637 1083 aromata.

606 1157 776 1223 Bromium
799 1159 836 1223 in
858 1179 946 1244 aqua
964 1158 1110 1223 solutum
1128 1157 1208 1222 dum
1230 1163 1380 1223 saturata
1393 1159 1448 1223 sit.

340 1353 441 1436 Aqua
464 1354 589 1423 culcis.

318 1550 440 1632 *Aqua
463 1551 640 1617 chlorata.

338 1746 439 1830 Aqua
462 1746 776 1829 hydrosnlfurata.

607 1889 677 1954 Gaz
700 1890 735 1953 in
758 1911 846 1976 aqua
868 1889 1014 1956 solutum
1036 1887 1116 1955 dum
1139 1894 1291 1956 saturata
1316 1889 1370 1954 sit.

343 2086 549 2154 Bonzolnm.

339 2282 552 2350 Bichromas
575 2283 728 2350 kalicus.

608 2447 638 2489 a.
664 2423 732 2489 Sal.

608 2532 637 2596 b.
661 2531 703 2595 In
730 2551 816 2616 aqua
839 2534 873 2614 (1
888 2557 922 2590 =
937 2533 994 2614 20)
1016 2529 1155 2595 solutus.
1203 2530 1339 2594 Solutus
1363 2530 1450 2594 acidi

652 2637 763 2702 nitrici
787 2637 884 2703 diluti
898 2638 971 2723 pari
993 2637 1162 2702 volumino
1185 2636 1320 2714 minino,
1334 2636 1451 2701 addito

652 2745 776 2809 nitroso
800 2745 962 2830 baryticO,
987 2745 1096 2809 clarus
1121 2744 1176 2808 sit.

341 2961 489 3030 Bisulfls
513 2962 687 3030 natrioos.

609 3104 651 3168 In
674 3125 761 3189 aqua
783 3105 842 3186 (30
855 3129 889 3164 .-.
908 3105 986 3186 100)
1009 3103 1148 3168 solutus.

608 3211 801 3276 Solutorum
809 3208 1452 3296 grammatum5,adceniimotracubica

654 3321 718 3383 250
741 3339 828 3405 aqua
851 3319 1043 3395 dilatorum,
1057 3319 1254 3383 centimetra
1269 3315 1450 3398 cubica10‚

653 3425 778 3490 additis
808 3447 913 3511 aquas
943 3425 1148 3490 centimanus
1180 3425 1305 3490 cubicis
1331 3425 1395 3488 100
1418 3429 1453 3489 et

655 3533 830 3597 solutionis
860 3532 964 3617 amyli
987 3552 1093 3616 parva
1117 3529 1315 3615 quantitate,
1341 3529 1370 3594 si
1393 3551 1452 3616 por

654 3639 780 3703 iodinm
811 3637 1032 3705 docinormalo
1066 3637 1237 3714 niscantur,
1273 3641 1313 3701 nt
1344 3636 1455 3721 liquor

619 3827 622 3834 Δ
654 3747 825 3811 caeruleus
847 3746 907 3810 fiat
927 3746 1010 3810 iodii
1032 3767 1100 3809 non
1122 3744 1232 3808 minus
1257 3765 1356 3828 quam
1378 3763 1454 3807 csn-

655 3855 790 3920 simona
812 3855 928 3920 cubica
953 3855 1028 3938 10,4
1050 3853 1274 3938 requirantur.

344 4067 521 4136 Carbonis
544 4069 777 4136 ammonicus.

611 4210 652 4274 In
676 4232 763 4295 aqua
786 4212 940 4294 (1:10)
962 4210 1102 4276 solutus.
