3466 5038
866 470 907 532 32

631 662 893 758 Ammonia
926 664 1142 787 liquida.

365 840 488 925 Liquor
511 846 679 913 constans:
693 841 774 927 NH8
800 843 951 927 partibus
974 841 1045 906 fere
1067 844 1107 906 10
1127 847 1161 906 et
1180 863 1283 926 aquae
1303 840 1372 906 fere
1394 844 1446 905 90.

365 982 489 1068 Liquor
523 985 642 1049 eoloris
673 1006 801 1069 expers,
833 985 951 1061 clarus,
976 983 1087 1048 odoris
1112 984 1208 1048 valde
1231 983 1446 1068 penetrantia,

320 1091 414 1154 cuius
429 1112 535 1176 vapor
549 1091 698 1156 chartam
714 1091 973 1176 exploratoriam
988 1090 1120 1154 rubram
1132 1089 1242 1154 reddit
1254 1088 1446 1154 caeruleam.

322 1196 454 1260 Pondus
477 1197 665 1281 specificum
687 1199 796 1278 0,960.

366 1302 543 1367 Ammonia
573 1303 707 1387 liquida,
739 1303 833 1369 acido
859 1302 1449 1388 111111011111111111111,1111111111

322 1409 416 1474 acido
447 1409 717 1494 hydrosulfurico
746 1432 830 1474 neve
859 1412 990 1476 oxalate
1012 1412 1197 1476 ammonieo
1220 1433 1304 1476 nevo
1327 1411 1449 1474 nitrato

321 1516 474 1602 berytieo
497 1517 638 1602 speeiem
662 1522 768 1582 mutet
792 1539 884 1594 neve,
908 1518 994 1583 acidi
1017 1518 1128 1582 uitrici
1148 1538 1252 1602 parva
1263 1517 1450 1602 quantitate

322 1625 459 1708 insuper
481 1623 605 1701 addita,
631 1625 754 1689 nitrato
778 1625 958 1709 argentieo.

367 1730 562 1794 Ammonias
595 1731 739 1816 liquidae
769 1731 965 1796 centimetra
999 1732 1113 1797 cubiou
1139 1735 1167 1808 2,
1192 1731 1277 1795 acidi
1300 1729 1450 1795 sulfuriei

323 1837 421 1902 diluti
461 1837 665 1902 centimetris
699 1839 823 1902 cubicis
858 1841 1015 1915 3mixta,
1042 1861 1084 1902 ne
1118 1839 1334 1902 ell'ervesoant
1368 1858 1451 1900 nove

325 1946 436 2010 oleant
469 1968 553 2010 neve
576 1945 690 2010 addita
713 1947 984 2031 permanganatis
1006 1946 1106 2010 kaliei
1126 1949 1159 2028 (1
1178 1971 1211 2004 =
1231 1946 1332 2026 1000)
1353 1947 1451 2028 gutta

326 2057 342 2116 1
367 2053 600 2118 decolorentur
622 2053 711 2118 intra
735 2055 835 2118 horae
862 2059 990 2137 partem
1017 2057 1145 2118 sextam
1168 2053 1449 2136 (walramum).

368 2161 544 2225 Ammonia
566 2160 692 2245 liquida
716 2166 897 2245 evaporata
919 2160 1004 2222 nihil
1025 2160 1201 2244 relinquat.

367 2268 562 2332 Ammonias
604 2268 747 2353 liquidae
789 2269 985 2333 centimetra
1023 2266 1139 2331 cubica
1174 2269 1193 2332 5
1228 2269 1267 2330 ut
1301 2265 1451 2329 neutrius

321 2375 500 2439 reaetionis
535 2375 613 2450 sint,
647 2374 734 2440 acidi
769 2375 926 2439 normalis
965 2374 1160 2439 centimetra
1192 2375 1267 2449 28,0
1302 2371 1344 2435 ad
1376 2373 1449 2448 28,2

322 2483 503 2567 requirant.

788 2713 990 2722 ——nn-——a—

608 2888 1083 2987 11111οηὶ1111.

367 3071 612 3136 Gummiresina
645 3093 744 3156 quam
779 3070 938 3154 praebent
973 3071 1134 3155 quaedam
1165 3069 1290 3154 speeies
1321 3068 1450 3153 generis

324 3179 515 3256 Dorema,
551 3201 690 3264 quarum
721 3177 942 3243 nominandae
974 3182 1053 3242 sunt
1084 3178 1265 3242 Dorema
1295 3177 1450 3240 Ammo·

324 3286 505 3364 niacum,
531 3285 572 3350 D.
596 3284 685 3350 Dor.
710 3287 745 3349 in
769 3287 886 3350 Trans.
912 3285 1007 3349 Linn.
1034 3285 1107 3349 Soc.
1133 3283 1211 3347 XVI
1235 3285 1352 3365 (1833)
1375 3284 1448 3355 601,

325 3391 507 3456 Dorema
540 3393 736 3470 Auoheri,
762 3393 874 3456 Bous.
898 3392 933 3455 in
957 3391 1044 3455 Anu.
1069 3391 1121 3454 Se.
1147 3390 1224 3454 Nat.
1250 3389 1321 3453 Ser.
1346 3387 1409 3452 III.
1434 3387 1450 3450 Ι

324 3501 441 3582 (1844)
472 3501 546 3576 329,
580 3500 762 3583 11111111
792 3519 975 3575 aureum,
1004 3497 1148 3574 SrooKS,
1172 3497 1207 3560 in
1232 3495 1343 3560 Hook.
1369 3493 1450 3558 Kew

324 3606 442 3670 Journ.
467 3607 542 3670 Bot.
562 3605 750 3689 11111852)
776 3607 849 3669 149.

370 3714 476 3778 Sueus
509 3714 633 3778 lacteus
666 3735 684 3777 e
714 3712 863 3778 caulibus
895 3711 1079 3776 vulneratis
1103 3709 1280 3795 profluens,
1305 3729 1379 3772 aere
1402 3707 1451 3769 in-

327 3820 476 3884 duratus.

369 3981 481 4045 Granu
507 3987 659 4065 separata
682 3987 742 4046 aut
765 3980 1005 4064 conglutinata,
1032 3977 1183 4042 subflavo
1205 3997 1263 4040 aus
1287 3975 1451 4050 subfusca,

325 4090 416 4153 intus
451 4087 535 4165 alba,
571 4088 697 4174 frigore
731 4088 815 4151 dura
857 4091 890 4152 et
926 4085 1068 4170 fragiba,
1101 4085 1209 4148 calore
1240 4103 1358 4146 manus
1388 4082 1454 4144 iam

325 4196 561 4273 mollescentia,
586 4195 653 4272 sed,
678 4217 719 4258 ne
742 4196 777 4258 in
801 4195 930 4266 balneo:
944 4214 1047 4277 aquae
1071 4191 1212 4277 quidem,
1238 4191 1334 4274 plane
1354 4188 1453 4272 lique-
