3544 5050
846 495 912 558 364

313 686 494 751 enormiter
526 687 690 753 maculata
723 687 844 753 adsint.
876 689 1026 753 Stratum
1061 688 1225 765 intimum,
1254 690 1442 773 proximum

312 793 410 880 nigro
434 793 600 859 interdum
621 796 743 880 partim
765 816 839 860 cum
852 794 969 861 nucleo
981 795 1194 860 coniunctum
1207 801 1257 860 est
1269 799 1440 882 (tegmen),

312 901 608 980 membranaceum,
618 901 723 966 nitide
735 908 939 988 argenteum,
950 901 1155 986 perlucidum
1167 903 1261 966 venis
1274 904 1439 982 tenuibus,

311 1007 463 1070 ramosis.
491 1007 591 1072 Hilus
615 1009 650 1071 in
671 1008 776 1072 altera
799 1010 1009 1074 extremitate
1033 1009 1146 1072 leteris
1170 1009 1280 1073 minus
1303 1011 1439 1088 arcuati,

312 1133 444 1197 parvus,
469 1113 647 1198 oblongus3
672 1113 774 1192 iuxta,
798 1116 927 1201 apicem
945 1136 1069 1193 versus,
1084 1115 1251 1179 interdum
1263 1117 1441 1181 nonnullae

311 1218 468 1304 reliquiae
502 1219 644 1285 siccatae
674 1222 879 1286 carunculae.
905 1222 1020 1306 Raphe
1043 1227 1213 1306 tamquam
1236 1222 1323 1288 linea
1345 1229 1442 1289 acuta

311 1331 443 1410 praeter
465 1332 591 1392 coctam
615 1327 728 1392 lateris
751 1329 861 1393 minus
883 1329 1011 1394 arcuati
1031 1329 1223 1413 perducitur
1241 1330 1283 1394 ad
1303 1331 1441 1395 alteram

311 1433 447 1498 seminis
484 1435 738 1512 extremitatem,
782 1435 893 1521 ibique
931 1437 968 1500 in
1001 1436 1144 1514 chalane,
1180 1458 1284 1522 parvo
1318 1443 1442 1522 puncto

311 1540 462 1618 obscuro,
486 1541 611 1606 finitur.
636 1541 783 1607 Nuclcus
806 1563 918 1607 semen
943 1547 1053 1607 totum
1077 1542 1238 1628 complet;
1264 1543 1440 1628 endosper·

311 1645 415 1709 mium
439 1668 607 1732 magnum,
631 1647 753 1726 album,
778 1648 852 1713 oleo
875 1649 992 1734 pingui
1014 1647 1197 1726 abundans,
1222 1648 1312 1733 quod
1330 1669 1441 1732 ungue

311 1753 526 1838 exprimitur;
549 1755 639 1820 intra
661 1755 928 1842 endospermium
952 1776 1094 1819 caverna
1114 1755 1221 1839 plana,
1235 1753 1441 1839 marginibus

310 1859 427 1938 acutis,
458 1860 645 1926 latitudinis
679 1861 750 1927 fere
780 1862 885 1948 partis
910 1861 1068 1926 dimidiae
1091 1861 1245 1940 scminis;
1270 1862 1306 1925 in
1328 1883 1367 1926 ea
1390 1866 1441 1926 est

311 1966 460 2053 embryo.
479 1967 637 2034 Radicula
659 1975 692 2034 et
710 1967 935 2034 internodium
947 1967 1188 2053 hypocotylum
1199 1967 1326 2032 tumide
1338 1967 1441 2052 cylin-

311 2072 411 2151 drica,
442 2095 503 2159 per
532 2075 754 2160 endospermii
776 2075 928 2140 foramen
950 2075 993 2140 ad
1016 2069 1115 2139 huius
1138 2073 1345 2160 superficiem
1368 2095 1440 2159 pcr-

309 2179 485 2245 ducuntur.
528 2180 753 2266 Cotyledones
787 2182 978 2246 millimetra
1011 2180 1081 2244 fere
1117 2180 1287 2264 ilongae,
1312 2185 1438 2257 tenues,

308 2285 412 2363 albae,
448 2287 560 2351 ovelee
594 2287 636 2351 ad
671 2289 841 2375 oblongas,
865 2289 1095 2374 penninervea
1120 2287 1212 2372 apice
1235 2292 1344 2365 acuto,
1369 2281 1452 2352 basi*

309 2392 553 2478 quodammodo
576 2395 790 2480 emarginata,
815 2395 965 2480 margine
989 2395 1130 2480 integro.

354 2498 448 2564 Odor
481 2500 592 2565 nullus
599 2523 606 2578 ;
643 2523 745 2587 sapor
778 2502 914 2566 seminis
948 2501 1128 2566 admodum
1162 2501 1323 2566 venenosi
1347 2501 1438 2586 prius

307 2605 468 2684 olcaceus,
492 2607 612 2672 deinde
635 2629 720 2674 acer.

355 2711 476 2778 Semcn
500 2711 657 2779 Crotonis
680 2737 722 2780 ne
746 2715 872 2780 diutius
895 2737 994 2800 quam
1018 2737 1121 2781 unum
1140 2720 1437 2780 annumservetur.

780 2942 981 2952 -—-—-—..·-

697 3121 888 3219 semen
925 3123 1055 3216 lini.

356 3299 491 3366 Semina
513 3322 597 3386 quac
620 3300 688 3366 fert
711 3299 859 3364 Linum
882 3300 1234 3378 usitatissimum,
1260 3300 1361 3364 Lluu.
1382 3299 1438 3384 Sp.

312 3405 360 3471 Pl.
387 3407 461 3472 277.

355 3565 547 3630 Millimetre
569 3569 591 3629 4
612 3567 655 3632 ad
675 3569 694 3632 6
719 3565 828 3652 longa,
861 3568 930 3631 lata
952 3567 1142 3632 millimetra
1166 3571 1184 3631 2
1208 3567 1249 3631 ad
1273 3571 1303 3644 3,
1327 3588 1440 3632 crassa

310 3672 499 3737 millimetra
522 3673 598 3750 0‚75
617 3672 660 3737 ed
684 3677 753 3752 l,5;
778 3672 926 3759 pondus:
950 3674 1256 3759 milligrammatum
1281 3678 1300 3739 5
1324 3673 1438 3750 cd103

310 3779 565 3864 oblongoovata‚
608 3785 715 3858 acuta,
757 3801 956 3866 compressa,
998 3781 1163 3866 utrimque
1197 3778 1440 3865 quodammodo

309 3906 467 3964 convexa,
492 3887 698 3971 marginibus
721 3888 804 3953 satis
827 3887 943 3953 acutis.
991 3886 1254 3974 Spermodermis
1277 3887 1439 3951 seminum

309 3992 534 4057 emollitorum
568 3993 665 4059 facile
698 3995 838 4060 finditur
872 3996 906 4059 in
941 4001 1046 4060 strata
1082 3999 1110 4073 2,
1135 4015 1276 4081 quorum
1300 3992 1439 4056 interius

308 4102 472 4186 (tegmen)
505 4123 635 4187 quoque
680 4103 948 4188 endospennium
985 4103 1143 4167 continet.
1183 4102 1286 4165 Teste
1318 4097 1439 4164 fluvida

310 4205 353 4270 ed
387 4205 525 4286 fuscam,
561 4209 680 4288 tenuis,
704 4209 845 4296 fragilis,
865 4209 981 4288 nitida,
1012 4208 1136 4275 crebris
1159 4207 1260 4272 sulcis
1283 4204 1437 4280 minimis,
