<?xml version="1.0" encoding="UTF-8"?>
<!DOCTYPE html PUBLIC "-//W3C//DTD XHTML 1.0 Transitional//EN"
    "http://www.w3.org/TR/xhtml1/DTD/xhtml1-transitional.dtd">
<html xmlns="http://www.w3.org/1999/xhtml" xml:lang="en" lang="en">
 <head>
  <title>
</title>
<meta http-equiv="Content-Type" content="text/html;charset=utf-8" />
  <meta name='ocr-system' content='tesseract 3.04.00' />
  <meta name='ocr-capabilities' content='ocr_page ocr_carea ocr_par ocr_line ocrx_word'/>
</head>
<body>
  <div class='ocr_page' id='page_1' title='image "./pharmocopoeaned00zakegoog_0084.png"; bbox 0 0 3466 5038; ppageno 0'>
   <div class='ocr_carea' id='block_1_1' title="bbox 803 501 845 565">
    <p class='ocr_par' dir='ltr' id='par_1_1' title="bbox 803 501 845 565">
     <span class='ocr_line' id='line_1_1' title="bbox 803 501 845 565; baseline -0.024 0"><span class='ocrx_word' id='word_1_1' title='bbox 803 501 845 565; x_wconf 85' lang='grc'><strong>53</strong></span> 
     </span>
    </p>
   </div>
   <div class='ocr_carea' id='block_1_2' title="bbox 261 693 1390 1315">
    <p class='ocr_par' dir='ltr' id='par_1_2' title="bbox 264 693 1390 891">
     <span class='ocr_line' id='line_1_2' title="bbox 264 693 1390 781; baseline -0.004 -17"><span class='ocrx_word' id='word_1_2' title='bbox 264 698 390 776; x_wconf 84' lang='lat' dir='ltr'><strong>factam,</strong></span> <span class='ocrx_word' id='word_1_3' title='bbox 417 719 502 763; x_wconf 84' lang='lat' dir='ltr'><strong>neve</strong></span> <span class='ocrx_word' id='word_1_4' title='bbox 525 697 647 762; x_wconf 85' lang='lat' dir='ltr'><strong>flavam</strong></span> <span class='ocrx_word' id='word_1_5' title='bbox 669 717 753 760; x_wconf 87' lang='lat' dir='ltr'><strong>neve</strong></span> <span class='ocrx_word' id='word_1_6' title='bbox 772 695 904 781; x_wconf 83' lang='lat' dir='ltr'><strong>nigram</strong></span> <span class='ocrx_word' id='word_1_7' title='bbox 915 693 1034 761; x_wconf 85' lang='lat' dir='ltr'><strong>reddat</strong></span> <span class='ocrx_word' id='word_1_8' title='bbox 1045 695 1135 759; x_wconf 88' lang='lat' dir='ltr'><strong>intra</strong></span> <span class='ocrx_word' id='word_1_9' title='bbox 1146 696 1249 759; x_wconf 87' lang='lat' dir='ltr'><strong>horae</strong></span> <span class='ocrx_word' id='word_1_10' title='bbox 1261 701 1390 780; x_wconf 86' lang='lat' dir='ltr'><strong>partem</strong></span> 
     </span>
     <span class='ocr_line' id='line_1_3' title="bbox 264 803 911 891; baseline -0.008 -20"><span class='ocrx_word' id='word_1_11' title='bbox 264 810 411 891; x_wconf 81' lang='lat' dir='ltr'><strong>quartam</strong></span> <span class='ocrx_word' id='word_1_12' title='bbox 435 803 647 889; x_wconf 73' lang='lat' dir='ltr'><strong>(uramiculia</strong></span> <span class='ocrx_word' id='word_1_13' title='bbox 670 809 700 868; x_wconf 83' lang='lat' dir='ltr'><strong>et</strong></span> <span class='ocrx_word' id='word_1_14' title='bbox 721 803 911 888; x_wconf 77' lang='lat' dir='ltr'><strong>sulfurato).</strong></span> 
     </span>
    </p>

    <p class='ocr_par' dir='ltr' id='par_1_3' title="bbox 261 909 1390 1315">
     <span class='ocr_line' id='line_1_4' title="bbox 302 909 1390 996; baseline -0.003 -20"><span class='ocrx_word' id='word_1_15' title='bbox 302 911 535 978; x_wconf 86' lang='lat' dir='ltr'><strong>Bicarbonatis</strong></span> <span class='ocrx_word' id='word_1_16' title='bbox 558 911 679 975; x_wconf 85' lang='lat' dir='ltr'><strong>natrici</strong></span> <span class='ocrx_word' id='word_1_17' title='bbox 694 930 845 995; x_wconf 61' lang='lat' dir='ltr'><strong>mxuma</strong></span> <span class='ocrx_word' id='word_1_18' title='bbox 863 913 891 987; x_wconf 93' lang='lat'><strong>1,</strong></span> <span class='ocrx_word' id='word_1_19' title='bbox 908 909 1028 974; x_wconf 90' lang='lat' dir='ltr'><strong>caloris</strong></span> <span class='ocrx_word' id='word_1_20' title='bbox 1043 909 1151 996; x_wconf 84' lang='lat' dir='ltr'><strong>gradu</strong></span> <span class='ocrx_word' id='word_1_21' title='bbox 1166 909 1276 974; x_wconf 91' lang='lat' dir='ltr'><strong>minus</strong></span> <span class='ocrx_word' id='word_1_22' title='bbox 1292 930 1390 994; x_wconf 89' lang='lat' dir='ltr'><strong>quam</strong></span> 
     </span>
     <span class='ocr_line' id='line_1_5' title="bbox 263 1015 1390 1104; baseline -0.002 -23"><span class='ocrx_word' id='word_1_23' title='bbox 263 1021 313 1083; x_wconf 98' lang='grc'><strong>150</strong></span> <span class='ocrx_word' id='word_1_24' title='bbox 334 1017 519 1104; x_wconf 89' lang='lat' dir='ltr'><strong>prudenter</strong></span> <span class='ocrx_word' id='word_1_25' title='bbox 541 1016 766 1081; x_wconf 85' lang='lat' dir='ltr'><strong>convertendo</strong></span> <span class='ocrx_word' id='word_1_26' title='bbox 788 1017 825 1080; x_wconf 93' lang='lat' dir='ltr'><strong>in</strong></span> <span class='ocrx_word' id='word_1_27' title='bbox 848 1037 954 1102; x_wconf 88' lang='lat' dir='ltr'><strong>aquae</strong></span> <span class='ocrx_word' id='word_1_28' title='bbox 977 1017 1183 1082; x_wconf 88' lang='lat' dir='ltr'><strong>centimetris</strong></span> <span class='ocrx_word' id='word_1_29' title='bbox 1203 1015 1327 1080; x_wconf 81' lang='lat' dir='ltr'><strong>cubicis</strong></span> <span class='ocrx_word' id='word_1_30' title='bbox 1348 1018 1390 1079; x_wconf 85' lang='lat'><strong>20</strong></span> 
     </span>
     <span class='ocr_line' id='line_1_6' title="bbox 261 1122 1390 1209; baseline -0.002 -21"><span class='ocrx_word' id='word_1_31' title='bbox 261 1125 411 1202; x_wconf 87' lang='lat' dir='ltr'><strong>solutum,</strong></span> <span class='ocrx_word' id='word_1_32' title='bbox 437 1122 562 1188; x_wconf 87' lang='lat' dir='ltr'><strong>additis</strong></span> <span class='ocrx_word' id='word_1_33' title='bbox 584 1122 897 1208; x_wconf 88' lang='lat' dir='ltr'><strong>phenolpbthaleini</strong></span> <span class='ocrx_word' id='word_1_34' title='bbox 921 1124 1029 1209; x_wconf 85' lang='lat' dir='ltr'><strong>guttis</strong></span> <span class='ocrx_word' id='word_1_35' title='bbox 1045 1126 1064 1187; x_wconf 96' lang='grc'>2</span> <span class='ocrx_word' id='word_1_36' title='bbox 1081 1127 1116 1188; x_wconf 84' lang='lat' dir='ltr'><strong>et</strong></span> <span class='ocrx_word' id='word_1_37' title='bbox 1131 1123 1217 1188; x_wconf 91' lang='lat' dir='ltr'><strong>acidi</strong></span> <span class='ocrx_word' id='word_1_38' title='bbox 1231 1122 1390 1186; x_wconf 76' lang='lat' dir='ltr'>normalis</span> 
     </span>
     <span class='ocr_line' id='line_1_7' title="bbox 261 1229 1204 1315; baseline -0.002 -19"><span class='ocrx_word' id='word_1_39' title='bbox 261 1231 444 1296; x_wconf 89' lang='lat' dir='ltr'><strong>centimetri</strong></span> <span class='ocrx_word' id='word_1_40' title='bbox 467 1229 575 1296; x_wconf 80' lang='lat' dir='ltr'><strong>cubici</strong></span> <span class='ocrx_word' id='word_1_41' title='bbox 596 1234 693 1315; x_wconf 86' lang='lat' dir='ltr'><strong>parte</strong></span> <span class='ocrx_word' id='word_1_42' title='bbox 717 1229 835 1315; x_wconf 89' lang='lat' dir='ltr'><strong>quinta</strong></span> <span class='ocrx_word' id='word_1_43' title='bbox 857 1231 950 1314; x_wconf 91' lang='grc'>(0,2),</span> <span class='ocrx_word' id='word_1_44' title='bbox 975 1251 1017 1294; x_wconf 91' lang='lat' dir='ltr'><strong>ne</strong></span> <span class='ocrx_word' id='word_1_45' title='bbox 1040 1229 1204 1294; x_wconf 87' lang='lat' dir='ltr'><strong>rubescat.</strong></span> 
     </span>
    </p>
   </div>
   <div class='ocr_carea' id='block_1_3' title="bbox 489 1548 1075 1816">
    <p class='ocr_par' dir='ltr' id='par_1_4' title="bbox 489 1548 1075 1816">
     <span class='ocr_line' id='line_1_8' title="bbox 489 1548 1075 1646; baseline -0.002 0"><span class='ocrx_word' id='word_1_46' title='bbox 489 1548 540 1646; x_wconf 91' lang='grc' dir='ltr'><strong>-Ι-</strong></span> <span class='ocrx_word' id='word_1_47' title='bbox 575 1550 812 1646; x_wconf 80' lang='lat' dir='ltr'><strong>Risullas</strong></span> <span class='ocrx_word' id='word_1_48' title='bbox 853 1549 1075 1645; x_wconf 83' lang='grc'>0111111111.</span> 
     </span>
     <span class='ocr_line' id='line_1_9' title="bbox 581 1727 1065 1816; baseline 0 -22"><span class='ocrx_word' id='word_1_49' title='bbox 581 1727 1065 1816; x_wconf 78' lang='lat' dir='ltr'><strong>o„s„u,o,.n,sq.rn,o</strong></span> 
     </span>
    </p>
   </div>
   <div class='ocr_carea' id='block_1_4' title="bbox 254 1869 1392 4206">
    <p class='ocr_par' dir='ltr' id='par_1_5' title="bbox 260 1869 1392 2171">
     <span class='ocr_line' id='line_1_10' title="bbox 302 1869 1389 1956; baseline -0.003 -19"><span class='ocrx_word' id='word_1_50' title='bbox 302 1873 466 1937; x_wconf 87' lang='lat' dir='ltr'><strong>Prismata</strong></span> <span class='ocrx_word' id='word_1_51' title='bbox 480 1871 601 1936; x_wconf 88' lang='lat' dir='ltr'><strong>coloris</strong></span> <span class='ocrx_word' id='word_1_52' title='bbox 617 1871 776 1956; x_wconf 75' lang='lat' dir='ltr'><strong>expertia,</strong></span> <span class='ocrx_word' id='word_1_53' title='bbox 789 1870 906 1948; x_wconf 88' lang='lat' dir='ltr'><strong>nitida,</strong></span> <span class='ocrx_word' id='word_1_54' title='bbox 919 1869 1087 1948; x_wconf 87' lang='lat' dir='ltr'><strong>rhombea,</strong></span> <span class='ocrx_word' id='word_1_55' title='bbox 1101 1891 1177 1935; x_wconf 88' lang='lat' dir='ltr'><strong>aere</strong></span> <span class='ocrx_word' id='word_1_56' title='bbox 1189 1870 1389 1948; x_wconf 75' lang='lat' dir='ltr'><strong>fatiscentia,</strong></span> 
     </span>
     <span class='ocr_line' id='line_1_11' title="bbox 260 1975 1392 2064; baseline -0.002 -22"><span class='ocrx_word' id='word_1_57' title='bbox 260 1980 384 2064; x_wconf 88' lang='lat' dir='ltr'><strong>saporis</strong></span> <span class='ocrx_word' id='word_1_58' title='bbox 398 1979 523 2056; x_wconf 90' lang='lat' dir='ltr'><strong>amari;</strong></span> <span class='ocrx_word' id='word_1_59' title='bbox 544 1977 706 2043; x_wconf 81' lang='lat' dir='ltr'><strong>calefacta</strong></span> <span class='ocrx_word' id='word_1_60' title='bbox 724 1981 796 2043; x_wconf 85' lang='lat' dir='ltr'><strong>lota</strong></span> <span class='ocrx_word' id='word_1_61' title='bbox 816 1977 1065 2042; x_wconf 82' lang='lat' dir='ltr'><strong>comburuntur.</strong></span> <span class='ocrx_word' id='word_1_62' title='bbox 1091 1976 1239 2042; x_wconf 85' lang='lat' dir='ltr'><strong>Bisulfas</strong></span> <span class='ocrx_word' id='word_1_63' title='bbox 1255 1975 1392 2042; x_wconf 83' lang='lat' dir='ltr'><strong>Chinini</strong></span> 
     </span>
     <span class='ocr_line' id='line_1_12' title="bbox 260 2084 1307 2171; baseline 0 -23"><span class='ocrx_word' id='word_1_64' title='bbox 260 2085 292 2148; x_wconf 91' lang='lat' dir='ltr'><strong>in</strong></span> <span class='ocrx_word' id='word_1_65' title='bbox 312 2107 418 2171; x_wconf 85' lang='lat' dir='ltr'><strong>aquae</strong></span> <span class='ocrx_word' id='word_1_66' title='bbox 441 2084 593 2170; x_wconf 90' lang='lat' dir='ltr'><strong>partibus</strong></span> <span class='ocrx_word' id='word_1_67' title='bbox 619 2089 670 2162; x_wconf 93' lang='lat' dir='ltr'><strong>ll,</strong></span> <span class='ocrx_word' id='word_1_68' title='bbox 694 2085 730 2148; x_wconf 92' lang='lat' dir='ltr'><strong>in</strong></span> <span class='ocrx_word' id='word_1_69' title='bbox 753 2085 892 2170; x_wconf 88' lang='lat' dir='ltr'><strong>spiritus</strong></span> <span class='ocrx_word' id='word_1_70' title='bbox 915 2084 1066 2168; x_wconf 87' lang='lat' dir='ltr'><strong>partibus</strong></span> <span class='ocrx_word' id='word_1_71' title='bbox 1090 2087 1132 2148; x_wconf 89' lang='grc'><strong>32</strong></span> <span class='ocrx_word' id='word_1_72' title='bbox 1156 2084 1307 2150; x_wconf 87' lang='lat' dir='ltr'><strong>solvitur.</strong></span> 
     </span>
    </p>

    <p class='ocr_par' dir='ltr' id='par_1_6' title="bbox 256 2190 1391 3023">
     <span class='ocr_line' id='line_1_13' title="bbox 301 2190 1390 2277; baseline -0.001 -21"><span class='ocrx_word' id='word_1_73' title='bbox 301 2191 478 2258; x_wconf 83' lang='lat' dir='ltr'><strong>Bisulfatis</strong></span> <span class='ocrx_word' id='word_1_74' title='bbox 513 2190 649 2258; x_wconf 83' lang='lat' dir='ltr'><strong>Chinini</strong></span> <span class='ocrx_word' id='word_1_75' title='bbox 684 2213 834 2277; x_wconf 77' lang='lat' dir='ltr'><strong>gramma</strong></span> <span class='ocrx_word' id='word_1_76' title='bbox 871 2196 888 2254; x_wconf 96' lang='lat'>1</span> <span class='ocrx_word' id='word_1_77' title='bbox 919 2192 956 2255; x_wconf 92' lang='lat' dir='ltr'><strong>in</strong></span> <span class='ocrx_word' id='word_1_78' title='bbox 986 2212 1090 2276; x_wconf 88' lang='lat' dir='ltr'><strong>aquae</strong></span> <span class='ocrx_word' id='word_1_79' title='bbox 1113 2193 1147 2275; x_wconf 91' lang='lat'><strong>(1</strong></span> <span class='ocrx_word' id='word_1_80' title='bbox 1166 2217 1200 2251; x_wconf 91' lang='lat'><strong>:</strong></span> <span class='ocrx_word' id='word_1_81' title='bbox 1219 2193 1276 2274; x_wconf 94' lang='grc'>20)</span> <span class='ocrx_word' id='word_1_82' title='bbox 1302 2191 1390 2255; x_wconf 90' lang='lat' dir='ltr'><strong>solu-</strong></span> 
     </span>
     <span class='ocr_line' id='line_1_14' title="bbox 258 2297 1391 2383; baseline 0 -22"><span class='ocrx_word' id='word_1_83' title='bbox 258 2302 326 2362; x_wconf 88' lang='lat' dir='ltr'><strong>tum</strong></span> <span class='ocrx_word' id='word_1_84' title='bbox 371 2299 483 2364; x_wconf 84' lang='lat' dir='ltr'><strong>colore</strong></span> <span class='ocrx_word' id='word_1_85' title='bbox 528 2298 680 2363; x_wconf 84' lang='lat' dir='ltr'><strong>oasmleo</strong></span> <span class='ocrx_word' id='word_1_86' title='bbox 724 2298 904 2376; x_wconf 87' lang='lat' dir='ltr'><strong>fluorescit,</strong></span> <span class='ocrx_word' id='word_1_87' title='bbox 943 2299 1093 2364; x_wconf 88' lang='lat' dir='ltr'><strong>chartam</strong></span> <span class='ocrx_word' id='word_1_88' title='bbox 1131 2297 1391 2383; x_wconf 82' lang='lat' dir='ltr'><strong>exploratoriam</strong></span> 
     </span>
     <span class='ocr_line' id='line_1_15' title="bbox 257 2405 1390 2490; baseline -0.002 -20"><span class='ocrx_word' id='word_1_89' title='bbox 257 2406 439 2470; x_wconf 86' lang='lat' dir='ltr'><strong>caeruleam</strong></span> <span class='ocrx_word' id='word_1_90' title='bbox 472 2406 609 2470; x_wconf 88' lang='lat' dir='ltr'><strong>rubram</strong></span> <span class='ocrx_word' id='word_1_91' title='bbox 641 2405 761 2483; x_wconf 81' lang='lat' dir='ltr'><strong>reddit,</strong></span> <span class='ocrx_word' id='word_1_92' title='bbox 796 2405 940 2471; x_wconf 88' lang='lat' dir='ltr'><strong>colorem</strong></span> <span class='ocrx_word' id='word_1_93' title='bbox 973 2405 1108 2470; x_wconf 88' lang='lat' dir='ltr'><strong>chartae</strong></span> <span class='ocrx_word' id='word_1_94' title='bbox 1138 2405 1390 2490; x_wconf 68' lang='lat' dir='ltr'><strong>exploratorum,</strong></span> 
     </span>
     <span class='ocr_line' id='line_1_16' title="bbox 259 2511 1391 2598; baseline -0.001 -21"><span class='ocrx_word' id='word_1_95' title='bbox 259 2532 364 2597; x_wconf 84' lang='lat' dir='ltr'><strong>congo</strong></span> <span class='ocrx_word' id='word_1_96' title='bbox 398 2533 482 2598; x_wconf 90' lang='lat' dir='ltr'><strong>quae</strong></span> <span class='ocrx_word' id='word_1_97' title='bbox 516 2512 648 2589; x_wconf 88' lang='lat' dir='ltr'><strong>dicitur,</strong></span> <span class='ocrx_word' id='word_1_98' title='bbox 684 2533 752 2576; x_wconf 89' lang='lat' dir='ltr'><strong>non</strong></span> <span class='ocrx_word' id='word_1_99' title='bbox 787 2516 912 2590; x_wconf 83' lang='lat' dir='ltr'><strong>mutat3</strong></span> <span class='ocrx_word' id='word_1_100' title='bbox 947 2517 1045 2597; x_wconf 85' lang='lat' dir='ltr'><strong>gutta</strong></span> <span class='ocrx_word' id='word_1_101' title='bbox 1081 2516 1109 2588; x_wconf 93' lang='lat'><strong>1,</strong></span> <span class='ocrx_word' id='word_1_102' title='bbox 1139 2511 1263 2576; x_wconf 86' lang='lat' dir='ltr'><strong>additis</strong></span> <span class='ocrx_word' id='word_1_103' title='bbox 1285 2533 1391 2596; x_wconf 86' lang='lat' dir='ltr'><strong>aquae</strong></span> 
     </span>
     <span class='ocr_line' id='line_1_17' title="bbox 256 2618 1391 2705; baseline -0.001 -23"><span class='ocrx_word' id='word_1_104' title='bbox 256 2619 461 2685; x_wconf 90' lang='lat' dir='ltr'><strong>centimetris</strong></span> <span class='ocrx_word' id='word_1_105' title='bbox 483 2619 609 2684; x_wconf 81' lang='lat' dir='ltr'><strong>cubicis</strong></span> <span class='ocrx_word' id='word_1_106' title='bbox 632 2623 662 2696; x_wconf 89' lang='grc'><strong>5,</strong></span> <span class='ocrx_word' id='word_1_107' title='bbox 686 2641 791 2705; x_wconf 91' lang='lat' dir='ltr'><strong>aquae</strong></span> <span class='ocrx_word' id='word_1_108' title='bbox 814 2618 982 2684; x_wconf 88' lang='lat' dir='ltr'><strong>cbloratae</strong></span> <span class='ocrx_word' id='word_1_109' title='bbox 1004 2619 1201 2684; x_wconf 86' lang='lat' dir='ltr'><strong>centimetro</strong></span> <span class='ocrx_word' id='word_1_110' title='bbox 1224 2618 1340 2682; x_wconf 89' lang='lat' dir='ltr'><strong>cubico</strong></span> <span class='ocrx_word' id='word_1_111' title='bbox 1361 2622 1391 2694; x_wconf 95' lang='lat'><strong>1,</strong></span> 
     </span>
     <span class='ocr_line' id='line_1_18' title="bbox 256 2722 1390 2811; baseline 0.003 -24"><span class='ocrx_word' id='word_1_112' title='bbox 256 2722 375 2788; x_wconf 90' lang='lat' dir='ltr'><strong>deinde</strong></span> <span class='ocrx_word' id='word_1_113' title='bbox 391 2725 577 2790; x_wconf 90' lang='lat' dir='ltr'><strong>ammoniae</strong></span> <span class='ocrx_word' id='word_1_114' title='bbox 593 2724 700 2810; x_wconf 85' lang='lat' dir='ltr'><strong>guttis</strong></span> <span class='ocrx_word' id='word_1_115' title='bbox 715 2728 745 2801; x_wconf 89' lang='lat'><strong>5,</strong></span> <span class='ocrx_word' id='word_1_116' title='bbox 758 2725 921 2811; x_wconf 90' lang='lat' dir='ltr'><strong>liquorem</strong></span> <span class='ocrx_word' id='word_1_117' title='bbox 933 2725 1068 2802; x_wconf 88' lang='lat' dir='ltr'><strong>clarum,</strong></span> <span class='ocrx_word' id='word_1_118' title='bbox 1082 2725 1223 2789; x_wconf 84' lang='lat' dir='ltr'><strong>viridem</strong></span> <span class='ocrx_word' id='word_1_119' title='bbox 1235 2724 1390 2810; x_wconf 91' lang='lat' dir='ltr'><strong>praebet;</strong></span> 
     </span>
     <span class='ocr_line' id='line_1_19' title="bbox 256 2831 1390 2917; baseline 0.001 -23"><span class='ocrx_word' id='word_1_120' title='bbox 256 2831 371 2896; x_wconf 87' lang='lat' dir='ltr'><strong>addito</strong></span> <span class='ocrx_word' id='word_1_121' title='bbox 383 2832 509 2896; x_wconf 83' lang='lat' dir='ltr'><strong>nitrato</strong></span> <span class='ocrx_word' id='word_1_122' title='bbox 520 2831 682 2917; x_wconf 88' lang='lat' dir='ltr'><strong>barytico,</strong></span> <span class='ocrx_word' id='word_1_123' title='bbox 696 2832 806 2897; x_wconf 86' lang='lat' dir='ltr'><strong>soluta</strong></span> <span class='ocrx_word' id='word_1_124' title='bbox 818 2832 1073 2917; x_wconf 86' lang='lat' dir='ltr'><strong>praecipitatum</strong></span> <span class='ocrx_word' id='word_1_125' title='bbox 1084 2831 1196 2897; x_wconf 90' lang='lat' dir='ltr'><strong>album</strong></span> <span class='ocrx_word' id='word_1_126' title='bbox 1208 2831 1390 2917; x_wconf 88' lang='lat' dir='ltr'><strong>deponunt,</strong></span> 
     </span>
     <span class='ocr_line' id='line_1_20' title="bbox 258 2936 1146 3023; baseline 0.001 -22"><span class='ocrx_word' id='word_1_127' title='bbox 258 2936 345 3021; x_wconf 95' lang='lat' dir='ltr'><strong>quod</strong></span> <span class='ocrx_word' id='word_1_128' title='bbox 368 2938 405 3001; x_wconf 92' lang='lat' dir='ltr'><strong>in</strong></span> <span class='ocrx_word' id='word_1_129' title='bbox 428 2937 524 3002; x_wconf 89' lang='lat' dir='ltr'><strong>acido</strong></span> <span class='ocrx_word' id='word_1_130' title='bbox 546 2939 668 3004; x_wconf 91' lang='lat' dir='ltr'><strong>nitrico</strong></span> <span class='ocrx_word' id='word_1_131' title='bbox 692 2939 800 3004; x_wconf 90' lang='lat' dir='ltr'><strong>diluto</strong></span> <span class='ocrx_word' id='word_1_132' title='bbox 823 2939 910 3004; x_wconf 88' lang='lat' dir='ltr'><strong>solvi</strong></span> <span class='ocrx_word' id='word_1_133' title='bbox 932 2960 1000 3003; x_wconf 91' lang='lat' dir='ltr'><strong>non</strong></span> <span class='ocrx_word' id='word_1_134' title='bbox 1024 2944 1146 3023; x_wconf 85' lang='lat' dir='ltr'><strong>potest.</strong></span> 
     </span>
    </p>

    <p class='ocr_par' dir='ltr' id='par_1_7' title="bbox 254 3043 1392 3345">
     <span class='ocr_line' id='line_1_21' title="bbox 298 3043 1392 3131; baseline 0.001 -24"><span class='ocrx_word' id='word_1_135' title='bbox 298 3043 476 3109; x_wconf 84' lang='lat' dir='ltr'><strong>Bisulfatis</strong></span> <span class='ocrx_word' id='word_1_136' title='bbox 508 3043 645 3110; x_wconf 84' lang='lat' dir='ltr'><strong>Chinini</strong></span> <span class='ocrx_word' id='word_1_137' title='bbox 675 3046 945 3131; x_wconf 83' lang='lat' dir='ltr'><strong>milligrammata</strong></span> <span class='ocrx_word' id='word_1_138' title='bbox 973 3047 1037 3110; x_wconf 95' lang='grc'><strong>100</strong></span> <span class='ocrx_word' id='word_1_139' title='bbox 1068 3045 1103 3109; x_wconf 92' lang='lat' dir='ltr'><strong>in</strong></span> <span class='ocrx_word' id='word_1_140' title='bbox 1130 3045 1215 3110; x_wconf 88' lang='lat' dir='ltr'><strong>acidi</strong></span> <span class='ocrx_word' id='word_1_141' title='bbox 1239 3043 1392 3110; x_wconf 81' lang='lat' dir='ltr'><strong>sulfurici</strong></span> 
     </span>
     <span class='ocr_line' id='line_1_22' title="bbox 254 3151 1391 3229; baseline 0 -15"><span class='ocrx_word' id='word_1_142' title='bbox 254 3151 458 3216; x_wconf 86' lang='lat' dir='ltr'><strong>centimetris</strong></span> <span class='ocrx_word' id='word_1_143' title='bbox 481 3151 604 3218; x_wconf 88' lang='lat' dir='ltr'><strong>cubicis</strong></span> <span class='ocrx_word' id='word_1_144' title='bbox 629 3156 648 3216; x_wconf 95' lang='grc'>2</span> <span class='ocrx_word' id='word_1_145' title='bbox 672 3153 784 3217; x_wconf 89' lang='lat' dir='ltr'><strong>soluta</strong></span> <span class='ocrx_word' id='word_1_146' title='bbox 803 3157 937 3216; x_wconf 90' lang='lat' dir='ltr'><strong>tantum</strong></span> <span class='ocrx_word' id='word_1_147' title='bbox 956 3152 1116 3229; x_wconf 78' lang='lat' dir='ltr'><strong>subflavo,</strong></span> <span class='ocrx_word' id='word_1_148' title='bbox 1133 3152 1169 3216; x_wconf 92' lang='lat' dir='ltr'><strong>in</strong></span> <span class='ocrx_word' id='word_1_149' title='bbox 1181 3151 1267 3216; x_wconf 90' lang='lat' dir='ltr'><strong>acidi</strong></span> <span class='ocrx_word' id='word_1_150' title='bbox 1279 3151 1391 3216; x_wconf 86' lang='lat' dir='ltr'><strong>nitrici</strong></span> 
     </span>
     <span class='ocr_line' id='line_1_23' title="bbox 254 3257 1151 3345; baseline 0.003 -25"><span class='ocrx_word' id='word_1_151' title='bbox 254 3257 460 3323; x_wconf 83' lang='lat' dir='ltr'><strong>centimetris</strong></span> <span class='ocrx_word' id='word_1_152' title='bbox 484 3262 503 3323; x_wconf 89' lang='grc'>2</span> <span class='ocrx_word' id='word_1_153' title='bbox 527 3259 638 3324; x_wconf 84' lang='lat' dir='ltr'><strong>soluta</strong></span> <span class='ocrx_word' id='word_1_154' title='bbox 661 3259 782 3324; x_wconf 91' lang='lat' dir='ltr'><strong>coloris</strong></span> <span class='ocrx_word' id='word_1_155' title='bbox 805 3258 876 3323; x_wconf 84' lang='lat' dir='ltr'><strong>lere</strong></span> <span class='ocrx_word' id='word_1_156' title='bbox 900 3259 1050 3345; x_wconf 87' lang='lat' dir='ltr'><strong>expertia</strong></span> <span class='ocrx_word' id='word_1_157' title='bbox 1073 3259 1151 3323; x_wconf 82' lang='lat' dir='ltr'><strong>sint.</strong></span> 
     </span>
    </p>

    <p class='ocr_par' dir='ltr' id='par_1_8' title="bbox 255 3363 1392 4206">
     <span class='ocr_line' id='line_1_24' title="bbox 299 3363 1391 3452; baseline 0.002 -24"><span class='ocrx_word' id='word_1_158' title='bbox 299 3363 476 3430; x_wconf 85' lang='lat' dir='ltr'><strong>Bisuliatis</strong></span> <span class='ocrx_word' id='word_1_159' title='bbox 493 3364 629 3432; x_wconf 84' lang='lat' dir='ltr'><strong>chinini</strong></span> <span class='ocrx_word' id='word_1_160' title='bbox 641 3366 837 3452; x_wconf 81' lang='lat' dir='ltr'><strong>grammatis</strong></span> <span class='ocrx_word' id='word_1_161' title='bbox 851 3369 870 3430; x_wconf 96' lang='grc'>2</span> <span class='ocrx_word' id='word_1_162' title='bbox 884 3366 919 3429; x_wconf 92' lang='lat' dir='ltr'><strong>in</strong></span> <span class='ocrx_word' id='word_1_163' title='bbox 931 3387 1037 3451; x_wconf 89' lang='lat' dir='ltr'><strong>aquae</strong></span> <span class='ocrx_word' id='word_1_164' title='bbox 1048 3365 1174 3430; x_wconf 88' lang='lat' dir='ltr'><strong>calidae</strong></span> <span class='ocrx_word' id='word_1_165' title='bbox 1185 3365 1391 3430; x_wconf 87' lang='lat' dir='ltr'><strong>centimetris</strong></span> 
     </span>
     <span class='ocr_line' id='line_1_25' title="bbox 255 3470 1392 3558; baseline 0.002 -24"><span class='ocrx_word' id='word_1_166' title='bbox 255 3470 379 3536; x_wconf 87' lang='lat' dir='ltr'><strong>cubicis</strong></span> <span class='ocrx_word' id='word_1_167' title='bbox 404 3473 445 3536; x_wconf 93' lang='grc'><strong>20</strong></span> <span class='ocrx_word' id='word_1_168' title='bbox 469 3473 598 3549; x_wconf 90' lang='lat' dir='ltr'><strong>solutis,</strong></span> <span class='ocrx_word' id='word_1_169' title='bbox 623 3473 744 3538; x_wconf 89' lang='lat' dir='ltr'><strong>deinde</strong></span> <span class='ocrx_word' id='word_1_170' title='bbox 767 3473 954 3538; x_wconf 89' lang='lat' dir='ltr'><strong>ammoniae</strong></span> <span class='ocrx_word' id='word_1_171' title='bbox 965 3477 1062 3537; x_wconf 81' lang='lat' dir='ltr'><strong>tanta</strong></span> <span class='ocrx_word' id='word_1_172' title='bbox 1075 3472 1264 3558; x_wconf 85' lang='lat' dir='ltr'><strong>quantitate</strong></span> <span class='ocrx_word' id='word_1_173' title='bbox 1276 3471 1392 3537; x_wconf 90' lang='lat' dir='ltr'><strong>addita</strong></span> 
     </span>
     <span class='ocr_line' id='line_1_26' title="bbox 257 3578 1391 3664; baseline 0.002 -24"><span class='ocrx_word' id='word_1_174' title='bbox 257 3581 293 3641; x_wconf 82' lang='lat' dir='ltr'><strong>ut</strong></span> <span class='ocrx_word' id='word_1_175' title='bbox 333 3579 451 3644; x_wconf 89' lang='lat' dir='ltr'><strong>charta</strong></span> <span class='ocrx_word' id='word_1_176' title='bbox 489 3580 714 3664; x_wconf 87' lang='lat' dir='ltr'><strong>exploratoria</strong></span> <span class='ocrx_word' id='word_1_177' title='bbox 742 3601 811 3644; x_wconf 92' lang='lat' dir='ltr'><strong>non</strong></span> <span class='ocrx_word' id='word_1_178' title='bbox 835 3579 1054 3658; x_wconf 90' lang='lat' dir='ltr'><strong>decoloretur,</strong></span> <span class='ocrx_word' id='word_1_179' title='bbox 1079 3584 1151 3644; x_wconf 88' lang='lat' dir='ltr'><strong>tum</strong></span> <span class='ocrx_word' id='word_1_180' title='bbox 1175 3579 1299 3656; x_wconf 86' lang='lat' dir='ltr'><strong>mixtis,</strong></span> <span class='ocrx_word' id='word_1_181' title='bbox 1326 3578 1391 3642; x_wconf 84' lang='lat' dir='ltr'><strong>lre·</strong></span> 
     </span>
     <span class='ocr_line' id='line_1_27' title="bbox 255 3685 1392 3772; baseline 0.002 -25"><span class='ocrx_word' id='word_1_182' title='bbox 255 3689 394 3767; x_wconf 84' lang='lat' dir='ltr'><strong>quanter</strong></span> <span class='ocrx_word' id='word_1_183' title='bbox 416 3687 657 3770; x_wconf 86' lang='lat' dir='ltr'><strong>conquassatis,</strong></span> <span class='ocrx_word' id='word_1_184' title='bbox 678 3687 798 3752; x_wconf 89' lang='lat' dir='ltr'><strong>caloris</strong></span> <span class='ocrx_word' id='word_1_185' title='bbox 825 3686 933 3772; x_wconf 86' lang='lat' dir='ltr'><strong>gradu</strong></span> <span class='ocrx_word' id='word_1_186' title='bbox 961 3688 1019 3750; x_wconf 91' lang='grc'>600</span> <span class='ocrx_word' id='word_1_187' title='bbox 1042 3686 1085 3750; x_wconf 91' lang='lat' dir='ltr'><strong>ad</strong></span> <span class='ocrx_word' id='word_1_188' title='bbox 1106 3689 1186 3751; x_wconf 74' lang='lat' dir='ltr'><strong>65um</strong></span> <span class='ocrx_word' id='word_1_189' title='bbox 1211 3707 1270 3771; x_wconf 90' lang='lat' dir='ltr'><strong>per</strong></span> <span class='ocrx_word' id='word_1_190' title='bbox 1289 3685 1392 3752; x_wconf 86' lang='lat' dir='ltr'><strong>horae</strong></span> 
     </span>
     <span class='ocr_line' id='line_1_28' title="bbox 256 3791 1391 3878; baseline 0 -23"><span class='ocrx_word' id='word_1_191' title='bbox 256 3796 382 3872; x_wconf 90' lang='lat' dir='ltr'><strong>partem</strong></span> <span class='ocrx_word' id='word_1_192' title='bbox 394 3791 568 3857; x_wconf 89' lang='lat' dir='ltr'><strong>dimidiam</strong></span> <span class='ocrx_word' id='word_1_193' title='bbox 577 3793 757 3870; x_wconf 81' lang='lat' dir='ltr'><strong>calefactis,</strong></span> <span class='ocrx_word' id='word_1_194' title='bbox 767 3792 887 3858; x_wconf 88' lang='lat' dir='ltr'><strong>deinde</strong></span> <span class='ocrx_word' id='word_1_195' title='bbox 895 3791 1104 3878; x_wconf 74' lang='lat' dir='ltr'><strong>refrigeratis</strong></span> <span class='ocrx_word' id='word_1_196' title='bbox 1112 3798 1212 3878; x_wconf 85' lang='lat' dir='ltr'><strong>atque</strong></span> <span class='ocrx_word' id='word_1_197' title='bbox 1221 3813 1280 3876; x_wconf 89' lang='lat' dir='ltr'><strong>per</strong></span> <span class='ocrx_word' id='word_1_198' title='bbox 1291 3791 1391 3856; x_wconf 89' lang='lat' dir='ltr'><strong>horas</strong></span> 
     </span>
     <span class='ocr_line' id='line_1_29' title="bbox 258 3895 1391 3985; baseline 0.002 -28"><span class='ocrx_word' id='word_1_199' title='bbox 258 3896 286 3971; x_wconf 92' lang='grc'><strong>2,</strong></span> <span class='ocrx_word' id='word_1_200' title='bbox 302 3895 495 3983; x_wconf 84' lang='lat' dir='ltr'><strong>frequenter</strong></span> <span class='ocrx_word' id='word_1_201' title='bbox 505 3900 746 3985; x_wconf 89' lang='lat' dir='ltr'><strong>conquassatis,</strong></span> <span class='ocrx_word' id='word_1_202' title='bbox 759 3900 880 3965; x_wconf 90' lang='lat' dir='ltr'><strong>caloris</strong></span> <span class='ocrx_word' id='word_1_203' title='bbox 892 3898 1000 3984; x_wconf 86' lang='lat' dir='ltr'><strong>gradu</strong></span> <span class='ocrx_word' id='word_1_204' title='bbox 1014 3899 1072 3962; x_wconf 89' lang='grc'><strong>150</strong></span> <span class='ocrx_word' id='word_1_205' title='bbox 1082 3899 1232 3975; x_wconf 89' lang='lat' dir='ltr'><strong>retentis,</strong></span> <span class='ocrx_word' id='word_1_206' title='bbox 1248 3897 1391 3982; x_wconf 88' lang='lat' dir='ltr'><strong>denique</strong></span> 
     </span>
     <span class='ocr_line' id='line_1_30' title="bbox 259 4003 1389 4090; baseline 0 -25"><span class='ocrx_word' id='word_1_207' title='bbox 259 4020 315 4083; x_wconf 88' lang='lat' dir='ltr'><strong>por</strong></span> <span class='ocrx_word' id='word_1_208' title='bbox 345 4004 458 4069; x_wconf 87' lang='lat' dir='ltr'><strong>lanam</strong></span> <span class='ocrx_word' id='word_1_209' title='bbox 492 4005 635 4070; x_wconf 82' lang='lat' dir='ltr'><strong>vitream</strong></span> <span class='ocrx_word' id='word_1_210' title='bbox 669 4007 811 4084; x_wconf 88' lang='lat' dir='ltr'><strong>filtratis,</strong></span> <span class='ocrx_word' id='word_1_211' title='bbox 842 4005 980 4090; x_wconf 88' lang='lat' dir='ltr'><strong>liquoris</strong></span> <span class='ocrx_word' id='word_1_212' title='bbox 1003 4005 1200 4070; x_wconf 88' lang='lat' dir='ltr'><strong>centimetra</strong></span> <span class='ocrx_word' id='word_1_213' title='bbox 1221 4003 1337 4068; x_wconf 89' lang='lat' dir='ltr'><strong>cubica</strong></span> <span class='ocrx_word' id='word_1_214' title='bbox 1361 4004 1389 4076; x_wconf 89' lang='lat'><strong>5,</strong></span> 
     </span>
     <span class='ocr_line' id='line_1_31' title="bbox 260 4108 1389 4206; baseline -0.003 -34"><span class='ocrx_word' id='word_1_215' title='bbox 260 4111 442 4206; x_wconf 82' lang='lat' dir='ltr'><strong>ammoniae</strong></span> <span class='ocrx_word' id='word_1_216' title='bbox 462 4112 582 4178; x_wconf 88' lang='lat' dir='ltr'><strong>caloris</strong></span> <span class='ocrx_word' id='word_1_217' title='bbox 606 4111 731 4197; x_wconf 76' lang='lat' dir='ltr'><strong>gradus</strong></span> <span class='ocrx_word' id='word_1_218' title='bbox 757 4115 807 4177; x_wconf 79' lang='lat'><strong>15¹</strong></span> <span class='ocrx_word' id='word_1_219' title='bbox 827 4110 1034 4176; x_wconf 81' lang='lat' dir='ltr'><strong>centimetris</strong></span> <span class='ocrx_word' id='word_1_220' title='bbox 1054 4111 1178 4176; x_wconf 87' lang='lat' dir='ltr'><strong>cubicis</strong></span> <span class='ocrx_word' id='word_1_221' title='bbox 1199 4113 1252 4188; x_wconf 82' lang='lat'><strong>4,5</strong></span> <span class='ocrx_word' id='word_1_222' title='bbox 1275 4108 1389 4183; x_wconf 80' lang='lat' dir='ltr'><strong>mixta,</strong></span> 
     </span>
    </p>
   </div>
   <div class='ocr_carea' id='block_1_5' title="bbox 262 4211 782 4304">
    <p class='ocr_par' dir='ltr' id='par_1_9' title="bbox 262 4211 782 4304">
     <span class='ocr_line' id='line_1_32' title="bbox 262 4211 782 4304; baseline 0.006 -24"><span class='ocrx_word' id='word_1_223' title='bbox 262 4211 415 4298; x_wconf 88' lang='lat' dir='ltr'><strong>liquorem</strong></span> <span class='ocrx_word' id='word_1_224' title='bbox 439 4219 624 4304; x_wconf 88' lang='lat' dir='ltr'><strong>praebeant</strong></span> <span class='ocrx_word' id='word_1_225' title='bbox 647 4217 782 4284; x_wconf 86' lang='lat' dir='ltr'><strong>clarum.</strong></span> 
     </span>
    </p>
   </div>
   <div class='ocr_carea' id='block_1_6' title="bbox 0 0 1738 5038">
    <p class='ocr_par' dir='ltr' id='par_1_10' title="bbox 0 0 1738 5038">
     <span class='ocr_line' id='line_1_33' title="bbox 0 0 1738 5038; baseline 0 2"><span class='ocrx_word' id='word_1_226' title='bbox 0 0 1738 5038; x_wconf 95' lang='lat' dir='ltr'><strong> </strong></span> 
     </span>
    </p>
   </div>
  </div>
 </body>
</html>
