3530 5026
820 477 883 540 139

328 670 523 764 Extractum
540 669 735 756 Liquiritiae
746 671 917 736 contineat
928 671 1166 757 glycyrrhizini
1180 676 1291 757 partes
1302 676 1411 736 cente·

284 776 379 842 simas
401 799 472 842 non
495 777 605 841 minus
627 798 727 863 quam
752 779 804 842 20.
1472 760 1477 768 ’

326 884 574 970 Glycyrrhizini
597 888 759 970 quantum
771 885 862 964 insit,
875 885 925 968 ita
935 886 1112 952 statuitur:
1138 886 1289 951 Extracti
1302 885 1413 971 Liqui-

284 990 377 1056 ritiae
396 991 592 1076 grammatis
613 993 675 1069 2,5,
700 990 820 1056 solutis
843 991 1079 1056 incommixtis
1091 1012 1195 1077 aquae
1207 991 1413 1056 centimetris

282 1097 402 1164 cubicis
438 1101 480 1163 25
512 1104 547 1164 ct
580 1099 766 1163 ammoniae
801 1098 1006 1164 centimetris
1036 1098 1161 1165 cubicis
1193 1100 1222 1176 2,
1258 1098 1413 1186 spiritum

284 1205 365 1270 addo
398 1206 442 1270 ad
476 1205 673 1271 centimetra
707 1204 822 1271 cubica
854 1207 911 1284 50;
942 1205 1114 1292 liquorem,
1139 1225 1214 1271 cum
1238 1204 1412 1281 desederit,

283 1309 378 1376 filtra.
403 1311 621 1377 Filtratorum
633 1311 839 1378 centimetris
851 1311 976 1378 cubicis
988 1313 1031 1377 40
1044 1311 1233 1398 evaporatis
1256 1310 1413 1377 aduenti-

283 1424 387 1483 metra
413 1418 529 1485 cubica
556 1417 627 1484 fere
658 1421 709 1497 10,
738 1441 813 1485 cum
843 1418 1047 1497 refrixerint,
1076 1418 1160 1484 adde
1184 1417 1269 1484 acidi
1292 1417 1415 1504 hydro-

283 1525 415 1592 chlorici
438 1525 537 1592 diluti
559 1526 757 1592 centimetra
775 1526 891 1592 cubica
904 1530 941 1604 53
965 1525 1229 1612 praecipitatum,
1242 1525 1278 1589 in
1289 1525 1415 1589 filtrum

283 1632 463 1710 collectum,
475 1633 547 1698 elue
559 1655 663 1718 equae
675 1634 881 1699 centimetm's
894 1633 1018 1699 cubicis
1032 1637 1061 1711 5,
1071 1631 1190 1696 deinde
1201 1632 1237 1696 in
1249 1631 1416 1696 ammonia

285 1737 390 1818 solve3
425 1739 538 1806 soluta
571 1762 715 1827 evapora
750 1746 785 1806 et
814 1741 850 1804 in
881 1741 1084 1806 exsiccatore
1114 1738 1287 1825 refrigera.
1322 1737 1415 1818 Quae

284 1844 324 1908 de
342 1847 535 1933 'evaporatis
558 1852 766 1934 supererunt,
791 1869 859 1912 non
881 1848 992 1912 minus
1015 1845 1084 1911 sint
1103 1865 1202 1932 quam
1222 1845 1414 1929 milligram·

284 1957 405 2020 matum
429 1955 505 2018 400.

551 2461 847 2554 [structum
882 2459 1003 2580 opii.
1039 2460 1079 2554 f.
1115 2460 1139 2555 Ι.

329 2645 468 2726 Macera,
492 2645 686 2733 frequenter
708 2648 852 2732 agitans,
875 2669 935 2735 per
957 2649 1058 2713 horas
1083 2650 1125 2712 24

378 2759 450 2824 opu
477 2755 515 2812 in
532 2752 663 2812 discos
688 2761 829 2814 tenues
855 2756 1006 2813 concisi
1024 2761 1161 2833 partes
1180 2763 1336 2814 centum
1359 2756 1416 2813 100

286 2869 342 2934 per

380 2965 492 3028 Aquae
516 2967 654 3036 partes
684 2961 926 3037 quingentas
928 3004 1332 3024 ...........
1360 2961 1419 3019 500

327 3055 474 3122 Fortiter
514 3057 662 3144 exprimo
696 3064 731 3124 et
764 3079 906 3124 massam
941 3080 1131 3146 expressam
1166 3058 1282 3124 eodem
1317 3059 1417 3123 modo

286 3181 342 3246 per
364 3163 465 3230 horas
489 3166 531 3228 12
555 3169 664 3230 tracto
685 3186 745 3253 por

381 3276 492 3340 Aquae
516 3278 655 3349 partes
686 3271 882 3331 ducentas
902 3275 1212 3351 quinquaginta.
1244 3315 1252 3332 .
1285 3318 1292 3334 .
1325 3318 1332 3332 .
1361 3273 1419 3331 250

327 3366 455 3432 lterum
479 3369 626 3456 exprime
650 3375 685 3435 et
707 3369 852 3456 liquores
873 3372 1069 3438 coniunctos
1091 3370 1212 3437 caloris
1231 3369 1338 3457 gradu
1349 3392 1416 3435 non

285 3470 359 3557 plus
381 3495 481 3560 quam
504 3475 564 3539 80⁰
586 3497 730 3563 evapora
752 3477 832 3542 dum
855 3483 991 3564 paratae
1013 3479 1083 3543 sint
1114 3530 1116 3536 s

379 3589 517 3659 partes
537 3581 733 3643 ducentae
760 3629 1330 3647 ...............
1359 3585 1417 3643 200

327 3677 504 3764 liquorem
526 3702 586 3766 per
606 3683 705 3748 horas
725 3685 767 3747 24
788 3705 921 3772 sepone,
943 3684 1063 3748 deinde
1083 3684 1173 3750 filtra
1193 3689 1228 3749 et
1246 3706 1264 3748 e
1281 3683 1416 3748 filtratis

285 3803 363 3870 para
385 3791 572 3853 extractum
595 3789 728 3855 siccum.

328 3892 496 3979 Morphini
523 3901 685 3981 quantum
708 3897 817 3983 liquor
839 3898 1020 3977 contineat,
1044 3898 1144 3963 modo
1166 3896 1257 3962 infra
1266 3896 1414 3962 indicato

286 4001 393 4063 statue
428 4005 471 4078 et,
507 4001 537 4066 si
560 4024 644 4088 opus
678 4004 751 4083 erit,
788 4010 974 4071 extractum
1007 4005 1156 4071 sacchari
1189 4004 1285 4070 lactis
1320 4006 1416 4067 tante

286 4105 471 4189 quantitate
495 4108 595 4176 misce
614 4114 655 4176 ut
666 4112 832 4198 morphini
845 4116 958 4200 partes
970 4112 1168 4178 centesimas
1182 4112 1223 4175 20
1234 4109 1414 4176 contineat.

334 4210 525 4279 Extractum
550 4217 637 4304 Opii,
663 4217 778 4284 addita
800 4241 886 4306 aqua
904 4223 939 4304 (1
958 4245 991 4279 =
1011 4222 1076 4300 10),
1100 4218 1261 4304 liquorem
1279 4213 1417 4300 praebet
