3466 5038
839 531 877 598 l’i

289 727 488 794 calefactum
510 727 670 793 chlorium
691 727 831 806 emittit3
857 729 974 794 addito
993 729 1117 794 nitrate
1133 729 1314 814 argentim,
1328 751 1421 815 prae·

290 835 462 920 cipitatum
487 835 628 920 deponit
649 835 770 913 album,
796 836 884 922 quod
907 837 942 899 in
965 837 1133 901 ammonia
1156 836 1308 901 solvitur.

334 943 477 1008 Acidnm
514 941 812 1025 hydroohlorioum,
847 964 952 1027 aquae
985 943 1156 1007 volumina
1180 947 1209 1022 5,
1234 944 1420 1008 ammoniae

293 1053 430 1126 tantum,
455 1055 495 1114 ut
518 1050 624 1114 mixta
646 1050 746 1114 modo
769 1049 888 1113 leviter
910 1049 1023 1115 acidae
1042 1049 1221 1114 coactionis
1241 1051 1318 1126 sint,
1333 1071 1420 1114 com-

293 1157 403 1233 mixta,
420 1156 539 1220 addito
551 1155 663 1220 iodeto
674 1156 784 1221 kalioo
797 1177 871 1220 cum
884 1157 1005 1241 amylo,
1018 1157 1169 1222 caerulea
1182 1179 1223 1221 ne
1235 1156 1318 1221 fiant
1330 1157 1420 1222 intra

293 1263 390 1328 borae
424 1268 556 1348 partem
590 1262 827 1338 duodecimam,
860 1285 943 1327 neve
974 1263 1089 1328 addito
1120 1263 1244 1327 nitrate
1268 1262 1420 1347 berytioo

292 1369 475 1446 turbentur,
500 1391 543 1433 ne
565 1390 652 1454 aqua
674 1368 824 1434 chlorata
846 1369 979 1454 quidem
1002 1369 1117 1434 addita
1139 1369 1332 1454 (corycum
1353 1369 1419 1434 sul-

292 1477 411 1559 furia);
434 1475 551 1540 addito
575 1476 669 1540 acido
696 1476 977 1561 hydrosulfurico,
1000 1498 1042 1540 ne
1066 1476 1420 1561 perammoniamqui-

290 1582 365 1647 dem
387 1583 529 1648 alcalina
552 1581 652 1660 facta,
677 1583 820 1667 speciem
843 1587 984 1650 mutent.

335 1690 403 1754 Gaz
426 1689 537 1754 oriens
561 1711 579 1753 e
602 1689 687 1754 zinci
703 1689 814 1755 frusto
828 1694 986 1774 reagente
1013 1691 1048 1753 in
1064 1690 1170 1754 mixta
1184 1689 1280 1753 Acidi
1296 1689 1419 1774 hydro·

291 1796 423 1862 chlorici
454 1797 652 1862 centimetra
678 1795 792 1861 cubica
815 1801 835 1861 3
859 1801 893 1860 et
915 1819 1020 1882 aquae
1043 1797 1241 1862 oentirnatra
1263 1796 1379 1861 cubica
1398 1799 1417 1860 6

291 1903 438 1968 chartam
458 1901 615 1980 bibulam,
635 1902 785 1968 chlorato
797 1904 1039 1989 hydrargyrico
1052 1903 1283 1980 madefactam,
1296 1903 1418 1968 flatrum

291 2031 333 2073 ne
354 2009 472 2074 reddat
493 2011 584 2075 intra
607 2009 708 2074 horae
731 2015 860 2094 partem
883 2015 1046 2095 quartam.

335 2117 429 2181 Acidi
471 2116 717 2202 hydroohlorioi
759 2118 955 2182 centimetra
988 2118 1104 2182 cubica
1139 2122 1158 2181 5
1194 2123 1232 2182 ut
1266 2117 1416 2180 neutrius

291 2223 466 2288 reactionis
509 2223 587 2300 sint,
629 2223 724 2288 alcali
766 2223 925 2288 normalis
962 2225 1159 2290 centimetra
1191 2224 1307 2290 cubica
1341 2215 1416 2300 38,5

291 2329 469 2414 requirant.

360 2870 570 2965 tcidum
617 2872 1075 2992 tydrcchimicum
1114 2873 1344 2967 dilutum.

476 3085 617 3150 Acidum
641 3085 932 3170 hydroohloricnm
956 3086 1231 3170 quadrinormale.

334 3262 434 3328 Misce
467 3263 609 3328 Acidum
645 3263 937 3348 hydrochloricum
969 3286 1072 3350 aquae
1097 3270 1192 3330 tanta
1219 3266 1415 3350 quantitate,

283 3377 324 3436 ut
347 3371 528 3434 mixtorum
552 3371 748 3436 centimetra
771 3372 886 3436 cubica
912 3375 962 3449 10,
987 3394 1052 3458 quo
1072 3373 1223 3437 neutrius
1240 3372 1416 3436 reactionis

283 3479 363 3556 sint,
387 3478 484 3543 alcali
507 3478 666 3542 normalis
689 3479 886 3544 centimetra
908 3479 1024 3544 cubica
1047 3482 1089 3544 40
1113 3479 1293 3563 requirant.

330 3583 426 3664 Quod
446 3589 487 3649 ut
501 3585 570 3660 fiat,
584 3605 667 3668 opus
680 3590 733 3650 est
745 3586 841 3650 Acidi
853 3585 1099 3671 hydrochlorici
1112 3586 1305 3670 grammatis
1319 3589 1416 3662 583‚4

279 3695 316 3757 in
341 3693 523 3758 mixtorum
548 3692 782 3757 centimetrum
806 3692 996 3758 cubicorum
1020 3692 1151 3777 singula
1174 3691 1275 3755 milia.

325 3799 451 3886 liquor
473 3799 597 3864 coloris
621 3821 748 3884 expers,
773 3800 891 3878 clarus,
914 3800 1070 3885 ponderis
1083 3799 1225 3883 specifici
1241 3801 1346 3874 l,067,
1361 3800 1416 3882 qui

276 3905 382 3972 isdem
418 3905 581 3993 puritatis
613 3905 742 3992 legibus
765 3906 960 3984 satisfaciat,
987 3907 1106 3992 quibus
1130 3906 1270 3972 Acidum
1295 3905 1417 3989 hydro-

277 4013 469 4082 chloricum.
