3582 5034
886 487 952 550 334

349 689 416 761 tes3
441 687 476 746 in
499 682 688 748 cicatricum
711 681 821 746 axillis
844 680 1011 746 interdum
1030 680 1114 746 rami
1129 680 1320 766 compressi,
1333 686 1480 746 ceterum

348 811 465 874 parum
489 810 666 854 ramosum.
691 789 732 852 Iu
755 793 849 873 parte
873 787 1030 852 inferiore
1053 787 1223 854 cicatrices
1241 787 1478 875 prominentes,

347 897 500 961 anulares
533 895 682 961 radicum
715 894 977 960 adventiciorum
1006 899 1218 973 resectarum,
1250 895 1284 958 in
1308 894 1480 960 ordinibus

348 1003 464 1069 fractis
487 1025 545 1088 per
568 1003 658 1067 vices
680 1001 832 1067 dextram
855 1002 1048 1086 laevamque
1066 1001 1266 1087 petentibus,
1280 1001 1479 1079 enormibus,

348 1131 586 1195 nonnunquam
624 1108 811 1194 duplicibus
841 1109 978 1193 positae.
1011 1107 1209 1193 Superficies
1242 1129 1301 1192 per
1334 1108 1480 1194 longitu-

348 1216 460 1280 dinem
482 1236 614 1300 rugosa,
642 1214 746 1282 fusca.
783 1215 941 1280 Fractura
964 1235 1083 1300 porose
1106 1215 1245 1280 suberea
1267 1215 1321 1278 vel
1343 1215 1480 1300 subgra-

348 1344 439 1400 nosa,
475 1321 586 1387 albida
620 1321 672 1385 vel
706 1342 865 1400 carnosa;
908 1327 1023 1386 cortex
1056 1321 1157 1407 duplo
1192 1321 1234 1386 ad
1258 1321 1479 1407 quadruplum

349 1429 481 1494 tenuior
501 1450 601 1514 quam
624 1434 676 1493 est
698 1429 790 1494 stole.

394 1535 610 1620 Microscopia
625 1535 781 1620 pulveris.
793 1534 939 1600 Gallulae
951 1536 1260 1620 perenchymaticae
1271 1535 1480 1636 leptotichaa

348 1642 554 1728 marginibus
587 1642 831 1707 coniunctionis
860 1641 1040 1706 admodum
1063 1641 1259 1727 conspicuis,
1285 1641 1373 1706 intra
1395 1662 1480 1726 quos

348 1748 523 1814 scrobiculi
557 1748 856 1835 oblongorotundi3
888 1748 977 1811 inter
998 1749 1059 1812 has
1082 1749 1217 1814 cellulas
1239 1748 1369 1813 canales
1392 1749 1479 1812 aerei

348 1855 527 1941 conspicui,
559 1855 726 1920 interdum
754 1877 885 1941 quoque
907 1855 1043 1920 lacunae
1066 1854 1324 1920 intercelluleres
1347 1877 1477 1940 parvae,

349 1962 551 2046 triangulam
572 1983 682 2027 massa
696 1962 831 2027 cellulas
843 1963 970 2028 inclusa
981 1961 1162 2026 multitudo
1174 1983 1354 2047 granorum
1365 1962 1478 2047 amyli,

348 2069 512 2134 diametro
535 2069 605 2134 iere
630 2073 648 2133 5
672 2093 707 2147 μ,
731 2090 873 2154 quorum
897 2069 1051 2154 pleraque
1074 2069 1246 2154 simplicia,
1258 2067 1330 2132 fere
1341 2067 1480 2153 globosa

349 2176 402 2240 vel
420 2176 527 2261 magis
544 2176 688 2260 oblonga
700 2180 789 2253 sunt,
801 2176 962 2240 nonnulla
972 2177 1186 2263 compositae
1198 2176 1312 2260 granis
1323 2198 1393 2240 non
1404 2177 1479 2262 plus

347 2305 447 2369 quam
481 2285 512 2347 4.
549 2282 673 2347 Multae
707 2283 842 2348 cellulae
870 2283 1075 2360 tanninosae,
1099 2283 1209 2348 forma
1231 2283 1356 2347 similes
1379 2303 1479 2367 supra

348 2390 548 2467 memoratis,
580 2390 683 2475 amyli
714 2395 875 2475 expertes,
907 2390 1026 2454 massis
1049 2389 1175 2456 cellulis
1198 2389 1333 2455 inclusis
1357 2388 1478 2454 subfla-

347 2497 441 2574 vidis,
467 2497 502 2562 in
524 2519 632 2563 merce
655 2497 838 2562 vetustiore
861 2495 968 2584 magis
990 2495 1103 2574 fuscis,
1139 2517 1223 2582 quae
1257 2517 1385 2560 massae
1419 2517 1479 2580 per

346 2609 509 2669 acetatem
541 2602 700 2669 ferricum
734 2605 858 2688 nigrae,
894 2625 953 2688 per
985 2603 1181 2667 vanillinum
1205 2608 1239 2667 et
1261 2602 1392 2668 acidum
1415 2603 1478 2688 hy·

347 2711 590 2777 drochloricum
624 2710 710 2776 clare
745 2711 863 2776 rubrae
890 2711 985 2775 liunt.
1029 2708 1173 2775 Cellulas
1196 2710 1324 2773 oleosas
1347 2709 1383 2772 in
1406 2710 1478 2793 pul-

346 2839 425 2882 vere
466 2823 613 2903 spectare
646 2816 782 2884 difficile
817 2823 885 2896 est;
919 2817 1047 2881 resinae
1081 2837 1208 2880 massae
1243 2837 1311 2880 non
1344 2815 1476 2880 adsunt.

347 2924 509 2990 Fasciculi
549 2923 707 2989 fibrarum
742 2924 925 3010 gracilium,
961 2923 1244 3008 pachyticharum,
1280 2921 1477 2988 scrobiculo·

346 3037 465 3096 tarum.
501 3031 588 3095 Vasa
621 3030 770 3095 anularia
805 3035 839 3095 et
872 3030 1006 3115 spiralia
1040 3035 1074 3094 et
1104 3028 1241 3094 retifera
1272 3035 1305 3094 et
1328 3029 1475 3094 scalaria.

347 3137 493 3204 Cellulae
517 3139 695 3204 suberosae
717 3138 813 3217 latae,
837 3137 1047 3223 leptotichae,
1070 3136 1158 3201 clare
1169 3135 1282 3201 fuscae
1295 3141 1329 3200 et
1341 3134 1476 3201 cellulae

229 3265 236 3276 ·
345 3245 558 3330 epidermidis
600 3251 771 3332 angustae,
813 3245 985 3328 oblongae,
1020 3243 1222 3308 membranis
1256 3242 1476 3308 exterioribus

345 3353 481 3437 paulurn
504 3353 696 3418 tumefactis
719 3374 786 3416 non
810 3352 943 3417 multae.

391 3460 482 3525 Odor
491 3460 623 3545 proprie
631 3459 841 3538 aromaticum
852 3480 951 3543 sapor
958 3457 1168 3533 aromaticus,
1178 3477 1319 3534 amarus,
1329 3455 1474 3521 subacer.

814 3659 1017 3670 ...n-.—

374 3798 423 3895 -Ι-
448 3799 702 3893 elizama
735 3796 1038 3893 turcumae
1071 3797 1383 3891 lavanicae.

390 3960 551 4024 Rhizoma
584 3958 674 4043 quod
707 3959 845 4044 praebet
879 3955 1088 4022 Curcuma
1118 3958 1257 4043 longa,
1290 3956 1391 4024 LINN.
1417 3957 1473 4043 Sp.

347 4067 394 4131 Pl.
420 4068 450 4144 2,
474 4065 510 4128 in
532 4064 643 4131 discos
665 4065 843 4130 concisum.

390 4209 482 4276 Disei
512 4175 675 4276 diametro
697 4209 930 4278 centimetrum
953 4210 997 4275 ad
1020 4212 1050 4288 6,
1083 4210 1182 4288 leves,
1215 4208 1299 4286 duri,
1324 4207 1472 4292 fragiles,
