3544 5050
864 519 930 583 434

376 717 456 782 Tala
478 717 584 781 isdem
607 715 765 802 puritatis
776 713 906 800 legibus
917 712 1115 792 satisfaciat,
1128 713 1249 800 quibus
1260 715 1463 801 Gossypium

330 821 539 908 depuratum.

375 926 510 994 Pondus
533 933 676 993 matrum
698 927 938 1012 quadratorum
962 929 982 990 3
1006 931 1057 992 ast
1069 926 1374 1013 grammatumfara
1389 930 1462 991 100.

592 1275 718 1368 Tota
759 1300 865 1368 oum
909 1275 1204 1369 todotormo.

376 1453 456 1519 Tala
478 1452 666 1518 iodoformo
690 1453 915 1517 minutissimo
937 1453 1156 1538 aequabiliter
1179 1453 1340 1539 praedita.

376 1595 456 1661 Tala
479 1617 554 1661 eum
577 1595 771 1661 Iodoformo
793 1596 963 1661 contineat
988 1594 1166 1661 iodoformi
1190 1603 1303 1682 partas
1326 1597 1464 1662 centesi-

332 1725 403 1768 mas
440 1706 491 1781 10,
525 1703 561 1767 id
594 1703 684 1789 quod
718 1703 887 1778 statuitur,
923 1724 989 1788 quo
1013 1703 1112 1768 modo
1143 1704 1178 1767 iu
1201 1705 1367 1790 Gossypio
1391 1725 1466 1768 oum

333 1807 527 1875 Iodoformo
550 1809 793 1896 praescriptum
815 1815 875 1873 est.

378 1918 514 1981 Praetor
551 1917 650 1981 Talao
681 1938 756 1982 oum
778 1915 972 1980 Iodoformo
995 1938 1101 2000 genus
1124 1937 1225 2003 supra
1248 1923 1465 1982 memoratum

332 2024 450 2088 adessa
471 2024 548 2088 licat
572 2023 686 2087 Talam
699 2022 773 2110 plus
786 2023 937 2086 minusve
949 2022 1128 2087 iodoformi
1139 2025 1374 2101 coutinentem,
1387 2023 1466 2088 dum

332 2153 375 2195 na
397 2129 577 2195 iodoformi
600 2131 770 2215 quantitas
793 2129 868 2215 plus
879 2151 979 2214 quam
991 2135 1121 2215 partam
1132 2129 1323 2196 vicesimam
1335 2131 1466 2195 differat

333 2237 377 2302 ab
399 2237 450 2314 iis,
475 2257 559 2322 quae
584 2238 619 2300 in
642 2236 825 2314 involucra,
849 2258 915 2322 quo
938 2238 1054 2302 vouiro
1078 2239 1173 2315 solat,
1198 2238 1464 2303 indicataarunt.

379 2345 409 2407 A
438 2343 534 2408 luca
565 2350 607 2408 at
638 2345 689 2409 ab
718 2365 817 2408 aera
848 2349 1017 2409 remota
1049 2349 1264 2410 servatur.

518 2686 568 2784 ·Ι·
617 2689 996 2786 Taratinttina
1045 2693 1283 2787 laricina.

689 2867 951 2936 Torabluthlua
977 2869 1115 2938 vanata.

381 3009 572 3074 Balsamum
594 3009 762 3096 profluens
785 3034 803 3075 a
826 3011 930 3098 stirpe
955 3012 1129 3076 vulnerata
1140 3012 1270 3078 arboris
1282 3013 1335 3078 oui
1347 3034 1467 3077 noman

337 3122 387 3181 ast
411 3115 542 3181 Larix
564 3139 789 3203 europaeo,
814 3117 885 3183 DC.
912 3119 961 3181 sl.
986 3119 1039 3184 Fr.
1056 3118 1121 3184 III.
1147 3119 1222 3185 277.

381 3259 536 3344 Spissior,
565 3259 662 3324 valdo
684 3261 862 3344 glutinosa,
897 3262 1076 3347 perlucida,
1108 3263 1346 3347 propemodum
1370 3263 1467 3341 clara,

335 3364 467 3429 flavida.
493 3366 585 3432 Odor
607 3369 779 3453 proprius,
805 3389 905 3454 sapor
927 3369 1251 3434 aromatiooamarus.

381 3473 621 3539 Terebinthina
631 3474 779 3553 laricina,
792 3475 902 3541 calore
913 3476 1074 3553 adhibito,
1087 3475 1123 3540 in
1135 3476 1273 3562 spiritus
1284 3477 1436 3562 partibus
1449 3481 1468 3542 5

338 3583 408 3644 tota
431 3580 590 3658 solvitur;
615 3581 663 3646 ita
685 3582 795 3647 soluta
818 3582 889 3647 iare
912 3583 1001 3647 clara
1020 3588 1081 3660 ast,
1101 3583 1281 3649 raaotionis
1299 3583 1423 3650 aoidaa.

380 3686 620 3754 Terebinthins
642 3689 780 3753 larioins
806 3710 866 3773 per
895 3709 1015 3773 aquam
1034 3688 1211 3766 destillata,
1236 3689 1301 3754 olai
1323 3689 1469 3755 volatilis

338 3798 450 3879 partas
484 3797 682 3860 contesimas
706 3797 776 3859 fara
802 3798 842 3858 15
865 3800 1050 3859 transeunt.

382 3901 639 3966 Terebinthinaa
669 3903 826 3967 laricinao
850 3907 1036 3987 grammata
1060 3905 1089 3979 2,
1114 3902 1142 3967 si
1165 3903 1285 3968 lanitar
1308 3902 1470 3969 oalafaota

337 4007 372 4070 in
395 4007 554 4072 alooholis
577 4009 722 4073 absoluti
744 4010 949 4074 centimetris
972 4010 1096 4077 cubicis
1118 4012 1159 4074 20
1183 4010 1293 4076 soluta
1316 4015 1467 4088 eruntat,

338 4113 461 4179 additis
484 4115 795 4201 phenolphthalaini
817 4117 923 4201 guttis
949 4120 999 4196 10,
1023 4139 1083 4203 par
1105 4117 1307 4183 solutionem
1316 4117 1470 4203 hydratis

338 4220 439 4285 kalioi
469 4221 684 4286 alooholioam
711 4224 978 4289 seminormalam
1000 4225 1277 4303 ratrotitrabitur,
1300 4231 1339 4290 ut
1361 4222 1469 4289 soluta
