3530 5026
801 467 844 529 83

402 610 1155 782 t·sstmrmumrmsswbrun

744 839 891 928 cmm.

301 983 423 1071 Liquor
467 984 589 1050 coloris
630 1005 757 1070 expers,
794 982 912 1061 clerus,
949 983 1061 1048 odoris
1095 983 1251 1060 aetherei,
1287 983 1385 1068 plene

260 1091 408 1168 volatilis,
434 1091 532 1156 facile
553 1090 810 1169 inflammabilis,
835 1091 892 1176 qui
915 1090 945 1155 si
966 1089 1192 1155 inflammatus
1215 1095 1267 1155 est
1292 1091 1386 1155 ardet

258 1196 385 1263 flemme
419 1199 553 1275 lucenti,
588 1197 795 1282 marginibus
829 1196 1004 1275 viridibus,
1039 1197 1161 1283 quique
1195 1197 1316 1282 spiritu
1352 1201 1386 1262 et

259 1304 387 1370 aethere
421 1327 483 1390 pro
516 1305 634 1390 quevis
668 1304 821 1390 p01tione
855 1305 987 1370 misceri
1016 1308 1137 1389 potest,
1161 1305 1197 1368 in
1220 1324 1306 1390 eque
1328 1326 1385 1390 pe-

258 1433 327 1475 rum
346 1412 499 1477 solvitur.
524 1412 658 1478 Pondus
681 1412 879 1497 specificum,
904 1411 1012 1476 celere
1031 1411 1149 1496 gleciei
1161 1412 1384 1497 liquescentis,

259 1519 362 1596 uem.
387 1517 518 1584 Celeris
541 1519 648 1605 gradu
674 1519 764 1596 122⁰
786 1518 828 1583 ed
853 1522 966 1597 12,5¹³1⁰
989 1518 1117 1584 ebullit.

298 1624 449 1692 Chloreti
482 1626 642 1711 sethylici
674 1627 908 1692 centimetrum
941 1626 1094 1691 cubicum
1119 1630 1147 1704 l,
1172 1648 1247 1692 cum
1281 1648 1385 1712 equae

256 1733 458 1799 centimetris
480 1733 604 1800 cubicis
630 1736 672 1798 20
684 1739 950 1819 conquassatum,
964 1734 1114 1799 chartam
1127 1733 1384 1818 exploratorism

257 1840 436 1905 caenuleem
459 1863 502 1905 ne
523 1841 642 1905 reddet
665 1840 810 1906 rubrum.

298 1945 495 2012 Chloretum
514 1947 717 2033 eethylicum
736 1948 772 2011 in
791 1948 912 2033 spiritu
931 1951 964 2032 (1
979 1975 1013 2008 .-;
1028 1950 1085 2032 20)
1100 1949 1256 2026 solutum,
1270 1947 1384 2012 addito

256 2054 375 2118 nitrete
405 2055 587 2140 argentim,
611 2055 737 2120 clerum
760 2055 805 2121 sit
827 2077 887 2140 per
909 2056 1010 2122 horse
1033 2061 1161 2140 partem
1184 2076 1252 2119 non
1274 2054 1385 2120 minus

257 2182 351 2245 quem
373 2161 625 2248 sexagesimam.

299 2266 451 2333 Chloreti
495 2268 654 2353 aethylici
698 2268 896 2334 centimetre
937 2268 1053 2334 cubica
1088 2271 1139 2346 10,
1174 2269 1282 2334 calore
1316 2290 1383 2332 non

256 2375 411 2452 adhibito,
455 2380 679 2460 evaporentur
712 2375 794 2440 nihil
829 2376 1064 2461 relinquentis3
1100 2396 1183 2461 quse
1217 2380 1385 2460 postrema

258 2487 488 2566 erepere-ntur,
512 2480 648 2546 odorem
670 2481 814 2546 alienum
838 2504 880 2546 ne
903 2487 1075 2568 spargent.

300 2605 328 2669 A
357 2606 453 2670 luce
482 2609 695 2670 remotum
724 2604 819 2670 loco
852 2605 1021 2691 frigido
1053 2609 1270 2670 servetur.

717 2883 920 2894 -ι--η-

466 3108 764 3206 cuuruum
815 3111 1164 3205 annemeun

751 3286 888 3374 nnn.

299 3428 469 3516 Crystalls
480 3429 566 3508 albe,
576 3449 688 3514 parve,
697 3429 871 3514 regularia,
884 3430 997 3496 odoris
1008 3432 1165 3516 expertis,
1179 3453 1264 3516 quee
1275 3434 1384 3498 celorc

258 3536 402 3601 volatilis
424 3535 510 3601 fiunt
530 3557 592 3600 nec
615 3539 727 3600 temen
750 3541 849 3601 entes
870 3537 1068 3623 liquescunt.
1096 3536 1291 3604 Chloretum
1315 3561 1384 3603 em-

257 3643 417 3708 monicum
439 3642 475 3706 in
499 3664 603 3728 equae
625 3641 778 3728 pertibus
802 3645 855 3720 28
878 3644 1026 3722 solvitur,
1051 3645 1087 3708 in
1099 3645 1221 3730 spiritu
1232 3643 1303 3710 fere
1315 3668 1383 3710 non

258 3748 405 3814 solvitur.

299 3854 495 3921 Chloretum
517 3855 748 3933 emmonicnm,
768 3855 884 3922 addite
901 3856 1067 3922 solutione
1087 3857 1240 3943 hydrstis
1251 3858 1381 3935 nutrici,

257 3983 316 4046 gez
344 3962 531 4027 emmoniae
560 3962 694 4027 emittit.
729 3963 771 4027 In
800 3985 886 4049 equa
912 3966 1052 4048 (1:20)
1076 3965 1232 4042 solutum,
1265 3963 1380 4029 eddito

256 4069 375 4135 nitrete
408 4069 592 4155 urgentico,
623 4070 881 4155 praecipitatum
911 4070 1024 4135 elbum
1054 4071 1202 4157 deponit,
1235 4069 1323 4156 qued
1345 4069 1381 4132 in

258 4177 419 4243 emmonis
442 4175 540 4243 fecile
563 4176 712 4242 solvitur.
