3584 5026
881 509 944 573 196

348 706 470 791 partim
504 705 617 769 ablata
651 707 720 768 est:
755 703 931 768 scrobiculi
960 703 1096 768 altiores
1127 703 1180 768 vel
1210 703 1477 768 membranarum

348 812 584 878 dislocationes
613 811 733 876 nullae.
764 811 876 876 Massa
899 791 1037 876 cellulae
1059 809 1204 875 inclusa:
1229 813 1342 875 aeret
1366 816 1478 895 proto·

348 920 520 1004 plasmatis
543 918 702 1004 reliquiae
725 918 875 1002 exiguae.

392 1026 596 1111 Gossypium
619 1025 818 1111 depuratum
841 1024 953 1088 album
977 1025 1030 1102 sit,
1056 1024 1168 1089 odoris
1183 1045 1310 1109 expers,
1325 1023 1479 1089 frustulis

347 1134 440 1198 duris
463 1138 497 1198 et
520 1133 715 1218 corporibus
737 1132 855 1197 alienis
878 1132 1028 1196 liberum.
1053 1133 1168 1217 Aquae
1184 1132 1478 1217 superimpositum

346 1242 498 1307 celeriter
519 1240 698 1318 imbuatur,
723 1261 789 1324 quo
813 1238 905 1305 iacto
929 1240 1172 1324 submergatur.

393 1346 520 1414 Charta
554 1347 778 1432 exploratoris
808 1347 897 1411 inter
919 1346 1123 1431 Gossypium
1146 1345 1346 1430 depuratum
1369 1344 1479 1411 made·

348 1455 475 1520 iactum
499 1476 614 1540 pressa
636 1455 781 1520 colorem
804 1476 846 1518 ne
869 1457 986 1518 mutet.

393 1561 444 1626 De
478 1561 637 1646 Gossypii
671 1561 826 1646 depurati
859 1560 1055 1645 grammatis
1091 1563 1110 1622 5
1142 1581 1201 1644 per
1223 1559 1359 1624 aethera
1382 1558 1479 1643 plane

262 1669 263 1672 ’
348 1669 517 1746 extractis,
550 1668 684 1732 aethere
708 1673 899 1753 evaporato,
924 1667 1196 1752 milligrammata
1217 1687 1259 1728 ne
1283 1665 1357 1750 plus
1381 1686 1479 1750 quam

350 1779 391 1840 10
414 1775 662 1860 relinquantur;
698 1774 787 1860 quod
810 1774 1005 1860 gossypium
1029 1795 1104 1840 cum
1128 1774 1287 1838 siccatum
1311 1775 1345 1836 et
1375 1793 1479 1858 aquae

348 1881 538 1947 ebullientis
573 1883 778 1946 centimetris
812 1881 937 1947 cubicis
974 1883 1037 1945 100
1061 1879 1274 1965 superfusum
1296 1877 1370 1956 erit,
1394 1901 1481 1964 aqua

350 1994 427 2074 post
449 1990 566 2052 horam
592 1993 608 2052 1
635 2009 800 2074 expressa,
825 1988 951 2054 filtrata
973 2009 1014 2051 ne
1037 1986 1153 2051 addito
1176 1987 1300 2050 nitrate
1327 1985 1479 2070 barytico

314 2145 316 2148 .
349 2117 434 2159 neve
456 2096 581 2160 nitrate
604 2095 775 2180 argentico
798 2117 882 2159 neve
906 2095 1038 2159 oxalate
1061 2093 1246 2158 ammonico
1268 2115 1352 2158 neve
1367 2093 1479 2159 iodeto

350 2203 459 2268 kalico
501 2224 576 2268 cum
618 2203 729 2288 amylo
772 2203 915 2288 speciem
950 2205 1057 2266 mutet
1090 2203 1180 2265 intra
1215 2201 1317 2264 borae
1352 2205 1480 2285 partem

350 2309 600 2395 sexagesimam.

395 2418 598 2503 Gossypium
621 2417 819 2501 depuratum
843 2437 943 2501 supra
966 2417 1097 2481 acidum
1113 2413 1309 2479 sulfuricum
1322 2415 1480 2479 siccatum

350 2524 507 2610 ponderis
530 2546 572 2587 ne
595 2523 730 2588 amittat
753 2523 828 2608 plus
851 2544 951 2608 quam
975 2525 1087 2607 partes
1111 2519 1310 2586 centesimas
1333 2523 1364 2584 5.

395 2631 599 2716 Gossypium
622 2631 820 2716 depuratum
843 2629 1053 2696 combustum
1076 2628 1196 2694 cineris
1219 2649 1261 2692 ne
1284 2627 1358 2712 plus
1381 2647 1480 2712 quarn

351 2739 457 2824 partis
480 2739 680 2804 centesimae
703 2737 847 2803 decimas
871 2741 940 2802 tres
963 2739 1048 2820 (0‚3)
1070 2735 1246 2820 relinquat.

788 3031 1043 3124 Granula

397 3209 536 3294 Singula
578 3210 728 3294 granula,
764 3209 828 3274 nisi
863 3208 927 3272 alia
961 3208 1133 3294 quantitas
1167 3207 1372 3292 praescripta
1405 3207 1478 3284 erit,

352 3316 584 3382 medicamenti
625 3317 756 3401 singula
789 3317 842 3401 (1)
872 3315 1141 3400 milligrammata
1170 3315 1364 3380 contineant
1398 3335 1481 3377 neve

353 3424 481 3508 pondus
505 3422 650 3487 habeant
672 3422 747 3507 plus
770 3444 870 3507 quam
892 3421 1198 3508 milligrammatum
1220 3421 1382 3486 tricenum
1398 3422 1480 3504 (30).

397 3529 511 3594 Parari
534 3534 675 3613 possunt
698 3529 867 3594 miscendo
889 3528 1130 3595 medicamento
1153 3529 1266 3594 mixtis

353 3720 387 3781 et
451 3809 600 3862 Pulveris
620 3810 751 3862 Gummi
771 3811 893 3864 arabici
914 3805 1288 3882 partibusquinquc
1315 3847 1322 3860 .
1350 3847 1357 3862 .
1390 3848 1397 3861 .
1464 3802 1482 3858 5

353 3925 395 3967 ex
417 3901 470 3966 bis
493 3923 552 3986 per
571 3901 729 3987 Sirupum
749 3902 930 3988 simplicem
949 3923 1059 3966 massa
1070 3901 1228 3987 paranda,
1241 3902 1326 3966 hanc
1338 3921 1481 3966 massam

353 4011 389 4074 in
412 4009 560 4075 Granula
583 4009 772 4087 dividendo,
797 4009 946 4075 Granula
966 4009 1054 4076 talco
1074 4014 1194 4074 veneto
1213 4007 1415 4073 involvendo
1427 4006 1480 4072 vel

352 4121 494 4202 argento
517 4115 635 4181 folieto
659 4115 862 4183 obducendo.

451 3641 600 3694 Pulveris
620 3641 770 3693 Bocchori
791 3641 900 3692 Lectis
926 3636 1111 3713 pertibus
1132 3636 1316 3712 viginti.
1349 3679 1358 3696 .
1391 3680 1397 3694 .
1445 3635 1502 3692 20·
1585 3714 1592 3733 Ι
