3582 5034
865 479 928 545 272

331 676 466 742 Additis
500 695 604 761 aquae
638 673 843 740 centimetris
877 673 1002 741 cubicis
1039 677 1111 753 150,
1137 675 1259 741 iterum
1286 677 1321 741 in
1345 677 1463 744 balneo

330 805 435 870 equae
454 804 514 869 per
536 783 651 846 horam
674 785 693 844 1Ι
715 780 850 847 caliace.
876 782 1134 868 Praecipitatum
1157 783 1192 846 in
1218 784 1344 850 filtrum
1367 785 1463 851 colle-

331 899 422 957 ctum
445 911 531 976 aqua
552 887 660 953 calida
683 889 764 953 elue.
789 887 931 952 Filtrum
955 893 989 953 et
1012 910 1096 974 quae
1118 890 1277 969 continet,
1295 892 1329 955 in
1342 893 1464 977 patella

331 998 417 1064 acidi
449 995 600 1062 sulfurici
630 995 730 1059 diluti
763 995 969 1060 centimetris
1004 995 1128 1062 cubicis
1153 999 1195 1062 20
1219 997 1404 1084 superfusa,
1428 1000 1463 1063 in

332 1104 451 1170 balneo
485 1123 590 1190 aquae
624 1101 759 1180 caliace,
792 1101 872 1167 dum
907 1103 1033 1188 hydras
1067 1102 1209 1169 ferricus
1244 1105 1374 1170 solutus
1408 1107 1462 1183 sit,

330 1212 449 1277 deinde
471 1212 561 1275 filtra
584 1215 617 1274 et
639 1209 796 1295 patellam
819 1209 1010 1296 filtrumque
1033 1232 1119 1296 aqua
1147 1210 1255 1276 calida
1278 1212 1360 1290 elue,
1384 1212 1463 1276 dum

330 1319 531 1383 filtratorum
562 1320 678 1402 guttae
708 1316 897 1394 nonnullae,
933 1317 1048 1382 addito
1083 1316 1315 1404 sulfocyaneto
1342 1319 1461 1398 kalicc,

330 1447 399 1489 non
429 1424 571 1510 amplius
601 1423 746 1488 colorem
777 1424 915 1489 rubrum
941 1424 1087 1489 trahant.
1111 1422 1245 1489 Instilla
1267 1447 1462 1513 parmanga-

330 1537 442 1597 uatem
477 1531 622 1596 kalicum
657 1535 690 1614 (1
706 1558 739 1590 ;
753 1533 833 1614 200)
866 1530 945 1594 dum
979 1530 1072 1596 color
1104 1530 1205 1595 ruber
1237 1553 1307 1596 non
1348 1533 1462 1597 statim

331 1643 523 1718 evanescat,
558 1660 625 1724 quo
659 1638 759 1716 facto,
791 1643 829 1702 ut
859 1638 1131 1724 permanganatis
1161 1638 1262 1704 kalici
1292 1639 1462 1724 quantitas

331 1746 492 1811 excedens
530 1746 743 1824 dissolvatur,
778 1745 942 1831 liquorom
976 1767 1043 1809 una
1076 1766 1151 1810 cum
1186 1745 1325 1832 spiritus
1359 1767 1463 1832 parva

330 1853 518 1938 quantitate
551 1851 686 1917 caliace.
723 1852 874 1936 Denique
908 1852 943 1915 in
977 1852 1105 1937 liquore
1135 1851 1335 1938 refrigerato
1358 1851 1461 1917 iodeti

330 1959 432 2025 kalici
454 1964 641 2046 grammata
665 1961 684 2022 2
708 1958 800 2023 solve
823 1963 958 2045 etpost
981 1960 1097 2024 horam
1121 1963 1211 2045 lper
1230 1957 1459 2024 thiosulfatem

329 2065 494 2131 natricum
524 2065 780 2132 dccinormalem
803 2067 894 2144 titra,
918 2066 1022 2143 cuius,
1046 2071 1085 2131 ut
1108 2065 1218 2152 liquor
1240 2065 1456 2144 decoloretur,

328 2195 396 2238 non
419 2173 529 2237 minus
551 2194 650 2258 quam
673 2174 869 2239 centimetra
891 2172 1007 2239 cubica
1030 2175 1084 2251 8,4
1106 2173 1328 2258 requirantur.

373 2279 522 2344 Oleum
549 2280 718 2346 Iecoris
748 2280 892 2345 Aselli
921 2302 1011 2346 cum
1041 2279 1197 2345 Iodeto
1219 2279 1393 2345 ferroso
1415 2279 1458 2343 in

327 2387 500 2474 lagenis
523 2388 683 2473 parvis,
704 2409 810 2474 quae
833 2409 913 2452 non
938 2388 1034 2472 plus
1058 2408 1178 2473 quam
1201 2386 1458 2454 centimetra

328 2495 482 2561 cubica
519 2498 597 2560 100
632 2496 819 2581 capiant,
852 2500 1064 2560 servetur.

322 2883 370 2982 ÷
407 2886 577 2983 oleum
613 2869 839 3007 iuniperi
873 2887 1371 3006 empyreumaticum.

729 3063 854 3132 Oleum
885 3065 1064 3132 cadlnum.

372 3207 433 3272 Pix
469 3206 596 3292 liquida
625 3207 660 3271 in
696 3207 831 3292 Europa
865 3206 1075 3272 Meridionali
1109 3206 1335 3271 destillatione
1370 3227 1457 3272 sicca

326 3317 483 3398 paratae
514 3313 608 3398 ligno
637 3313 727 3399 quod
758 3313 895 3398 praebet
925 3313 1163 3398 Iuniperua
1189 3312 1453 3398 Oxycedrus,
1583 3413 1584 3418 γ

327 3420 427 3485 uma.
454 3420 510 3506 sp.
536 3421 583 3485 Pl.
610 3423 705 3485 1038.

370 3563 495 3649 Liquor
506 3562 633 3629 modice
646 3563 783 3649 spissus,
797 3563 981 3649 perfuscus,
995 3564 1101 3649 picem
1108 3563 1269 3649 liquidam
1276 3563 1456 3629 admodum

324 3670 486 3748 redolens,
512 3671 641 3756 saporis
664 3671 787 3737 acriter
797 3671 924 3736 urentis
936 3675 969 3736 et
982 3672 1097 3737 amari.
1122 3671 1256 3736 Pondus
1268 3670 1455 3758 speciflcum

326 3779 403 3855 0,98
426 3777 469 3842 ad
495 3781 579 3856 1‚00.
605 3778 723 3843 Oleum
746 3777 896 3863 Iuniperi
912 3778 1230 3863 empyreumaticum
1241 3779 1278 3841 in
1288 3799 1375 3864 aqua
1387 3776 1457 3841 fere

327 3906 393 3949 non
428 3885 581 3964 solvitur,
616 3884 651 3949 in
682 3885 830 3950 alcohole
861 3883 1024 3964 absoluto,
1053 3885 1088 3950 in
1111 3886 1254 3963 aethere,
1278 3885 1314 3949 iu
1336 3884 1456 3949 sulfido

324 3991 511 4070 sorbonico,
542 3993 578 4056 in
609 3991 842 4070 chloroformo,
873 3992 909 4055 in
940 3992 1065 4057 anilino
1089 3991 1240 4069 solvitur,
1264 3991 1300 4054 in
1322 3991 1455 4055 aethere

325 4099 463 4184 petrolei
477 4105 589 4184 partes
601 4097 671 4163 fere
683 4119 820 4178 novem;
837 4098 953 4163 addita
964 4099 1102 4184 spiritus
1113 4099 1302 4185 quantitate
1313 4097 1455 4183 quadru-

324 4205 411 4292 plici,
447 4207 552 4272 mixta
574 4206 712 4292 praebet
739 4206 882 4284 turbida,
911 4228 994 4291 quae
1018 4206 1179 4272 calefacta
1201 4205 1396 4282 clarescunt,
1421 4209 1455 4269 at
