3544 5050
834 487 897 550 451

343 679 468 765 Liquor
489 679 688 759 flavoruber,
712 681 841 768 saporis
864 681 979 759 amari,
1004 687 1121 768 postes
1143 684 1239 751 acris,

343 787 503 854 Tinctum
529 787 688 872 Myrrhae
710 809 796 874 aqua
818 788 925 854 diluta
948 789 1086 876 praebet
1108 789 1269 876 liquorem
1293 791 1430 858 flavido-

297 893 419 960 album.

342 1001 435 1081 Quae
464 1001 505 1066 de
529 1001 689 1068 Tinctum
711 1002 870 1088 Myrrhae
893 1007 1076 1088 evaporata
1096 1005 1214 1070 relicta
1235 1011 1343 1084 erunt,
1364 1028 1431 1071 una

295 1128 370 1173 cum
389 1107 485 1173 acido
501 1107 622 1174 nitrico
641 1107 812 1186 calefacta,
826 1109 970 1176 colorem
982 1111 1119 1195 pulchre
1130 1111 1267 1176 rubrum
1280 1113 1428 1178 trahunt.

341 1215 476 1280 Pondus
507 1216 696 1300 specificam
726 1217 826 1294 0‚845
857 1214 900 1279 ad
931 1218 1041 1293 0,851.
1088 1217 1248 1281 Tinctura
1272 1218 1429 1304 Mysnhae

295 1326 476 1407 evaporata
504 1343 573 1386 non
595 1323 707 1388 minus
729 1344 829 1408 quam
852 1326 964 1408 partes
987 1324 1186 1390 contesimas
1209 1326 1229 1387 4
1252 1324 1428 1410 relinquet.

423 1734 676 1828 Tinctum
709 1735 926 1828 nervine
960 1735 1299 1829 Bestuctsiii.

342 1911 443 1976 Misce

392 2023 569 2076 solutioni·
588 2024 730 2076 Chlorctt
749 2024 859 2076 remei
880 2025 1015 2096 partes
1036 2018 1165 2077 decem
1179 2063 1342 2081 .....
1392 2020 1429 2076 10

392 2121 535 2186 Spiritu·
555 2115 741 2194 partibus
762 2117 975 2194 sexaginta
1015 2161 1343 2178 .........
1391 2117 1429 2175 60

296 2219 328 2278 et

392 2327 543 2379 Aetheris
563 2320 749 2399 partibus
770 2323 945 2398 triginta
972 2366 1341 2384 ..........
1389 2322 1428 2379 30

338 2419 446 2486 Mixta
467 2419 503 2483 in
526 2418 654 2504 lagenis
677 2419 762 2484 bene
785 2420 961 2497 obturatis,
986 2419 1056 2485 fere
1080 2420 1255 2504 completis
1267 2419 1332 2484 luci
1345 2420 1426 2485 solis
1536 2497 1539 2503 .

293 2546 421 2611 expone
443 2524 523 2589 dum
545 2524 666 2590 coloris
689 2526 838 2612 expertia
861 2525 952 2592 facta
975 2528 1053 2596 sint.
1079 2527 1153 2607 Quo
1176 2526 1267 2592 facto
1290 2526 1426 2612 lagenas

292 2633 366 2700 loco
393 2631 535 2697 obscuro
561 2631 732 2718 depositas
753 2633 922 2698 interdum
946 2635 1037 2720 aperi
1056 2633 1135 2698 dum
1154 2633 1264 2719 liquor
1282 2633 1426 2698 colorem

293 2761 429 2804 aureum
452 2739 602 2803 traxerit.

337 2847 463 2932 Liquor
495 2847 613 2924 clarus,
648 2848 770 2912 coloris
803 2849 904 2924 aurei,
940 2849 1076 2912 aethera
1108 2847 1271 2925 redolens,
1295 2847 1425 2932 saporis

294 2953 388 3030 acris,
413 2951 606 3039 ferruginei.

338 3058 473 3124 Pondus
495 3060 685 3145 specificam
709 3063 808 3138 0,843
831 3060 874 3124 ad
898 3063 1006 3138 0‚845.

336 3166 498 3231 Tinctura
519 3167 660 3231 nervine
683 3167 883 3233 Bestucheffi
905 3166 987 3232 ferri
1006 3168 1177 3234 contineat
1201 3172 1330 3254 partem
1349 3190 1424 3234 cen-

293 3273 446 3338 tesimam
483 3275 557 3350 1‚48
592 3272 634 3336 ad
672 3278 732 3352 l,5‚
767 3273 803 3338 id
836 3273 926 3360 quod
958 3275 1008 3339 ita
1040 3275 1218 3341 statuitur:
1244 3275 1423 3340 'Pinetum

291 3386 479 3467 grammata
503 3384 532 3458 5,
556 3379 681 3445 additis
703 3380 790 3446 acidi
806 3379 958 3446 sulfurici
970 3379 1069 3447 diluti
1080 3382 1286 3448 centimetris
1298 3381 1423 3447 cubicis

294 3485 523 3564 10,inbalnso
547 3507 652 3571 aquae
676 3487 801 3552 caliace
824 3485 904 3552 dum
926 3488 1043 3551 aether
1053 3491 1088 3552 et
1100 3488 1238 3573 spiritus
1251 3489 1423 3572 evaporati

292 3593 370 3659 sint.
407 3592 471 3658 His
493 3591 702 3679 refrigeratis
722 3593 807 3658 adde
830 3593 1102 3680 permsnganatis
1126 3593 1227 3659 kalici
1250 3595 1424 3676 (1:200)

292 3704 424 3765 tantum
447 3702 486 3763 ut
507 3699 599 3764 color
621 3699 722 3764 ruber
744 3721 812 3764 non
834 3700 950 3764 statim
970 3705 1157 3765 evanescat.
1182 3699 1222 3763 In
1235 3699 1363 3784 liquore
1373 3698 1423 3763 ita

292 3811 409 3891 parato
427 3805 532 3871 iodeti
549 3806 651 3871 kalici
673 3810 860 3893 grammata
884 3808 903 3869 2
928 3807 1020 3871 solve
1043 3810 1077 3871 et
1088 3810 1167 3893 post
1178 3807 1295 3871 horam
1310 3809 1326 3869 1
1341 3807 1423 3870 titra

292 3935 351 3998 per
379 3911 611 3978 thiosuliatem
642 3913 806 3978 natricum
832 3912 1098 3991 decincmalem,
1124 3913 1227 3990 cuius,
1252 3917 1290 3976 ut
1313 3912 1423 3996 liquor

289 4018 507 4098 decoloretur,
531 4019 728 4085 centimetra
750 4018 866 4084 cubica
892 4021 966 4097 13,2
989 4019 1032 4083 ad
1058 4021 1133 4097 13,4
1156 4018 1378 4104 requirantur.
