3584 5026
910 513 973 576 180

418 708 642 794 Pericarpium
673 707 785 773 odoris
809 712 842 772 et
866 706 995 792 saporis
1026 728 1162 793 expers;
1184 709 1310 773 semina
1333 709 1445 792 odoris
1469 715 1503 774 et

369 815 498 901 saporis
523 816 738 901 penetrantis,
763 815 1001 900 camphorecei,
1027 813 1209 881 aromatici.

416 923 597 988 Fructuum
618 920 826 988 Oardemomi
840 922 951 1006 pulvis
962 922 1157 987 combustus
1174 922 1294 987 cineris
1310 945 1377 987 non
1391 923 1502 989 minus

370 1051 472 1116 quam
495 1035 607 1114 partos
630 1029 827 1095 centesimas
852 1031 872 1096 3
896 1050 1002 1114 neque
1025 1030 1101 1115 plus
1124 1051 1224 1114 quem
1247 1033 1266 1092 8
1289 1030 1466 1116 relinquat.

501 1375 551 1473 -Ι-
585 1378 822 1473 Fructus
855 1377 1294 1497 colocynttldls.

416 1539 559 1604 Fructus
582 1536 747 1624 quosfort
771 1535 997 1602 Oitrullus
1021 1536 1322 1622 colocynthis,
1348 1538 1503 1603 Sensus.

370 1649 406 1712 in
430 1646 586 1724 Linneea‚
612 1644 690 1710 XII.
714 1647 833 1730 (1838)
856 1647 931 1722 414,
955 1645 1160 1710 decorticati.

416 1781 589 1846 Diemetro
612 1780 809 1845 centimetre
832 1779 874 1843 ad
887 1781 916 1854 8,
931 1778 1134 1863 subglobosi‚
1148 1800 1246 1863 saepe
1259 1777 1504 1864 quodammodo

369 1888 499 1966 deiecti,
509 1889 607 1966 leves,
618 1887 799 1972 spongiosi,
810 1887 899 1964 sicoi;
910 1885 1009 1950 facile
1021 1885 1295 1970 comprimuntur.
1309 1883 1503 1970 Superficies

369 1995 508 2060 interior
521 1994 764 2080 quodammodo
777 1993 938 2079 angulosa
950 1993 1072 2078 quippe
1084 1992 1296 2068 decorticata,
1309 2013 1376 2056 non
1384 1991 1501 2069 nitide,

371 2101 446 2164 elba
461 2101 515 2166 vel
526 2099 735 2176 flavidoalbe,
756 2099 926 2164 nonnullis
938 2099 1020 2163 locis
1033 2099 1184 2183 praedite
1195 2097 1501 2184 pertibus‘corticis,

370 2208 426 2292 qui
462 2207 520 2271 vix
554 2207 781 2272 millimetrum
818 2210 834 2270 1
868 2227 998 2271 crassus
1029 2209 1089 2284 est,
1114 2206 1218 2283 firma,
1242 2227 1310 2270 non
1332 2204 1439 2271 nitide
1462 2226 1504 2269 ax

371 2314 564 2378 aurentiaco
599 2312 703 2378 lusca.
751 2313 893 2378 Fructus
928 2316 979 2377 cst
1014 2332 1108 2396 pepe,
1145 2334 1163 2376 e
1196 2311 1348 2396 carpellis
1372 2313 1392 2376 3
1415 2332 1503 2376 oom-

370 2420 510 2505 positus,
547 2421 672 2506 saeptis
700 2420 874 2505 completis
898 2423 928 2497 3,
952 2420 1066 2503 itaque
1089 2419 1310 2498 trilocularis;
1334 2419 1502 2504 margines

370 2531 483 2592 autem
524 2527 742 2611 carpellorum
773 2549 791 2591 e
821 2526 930 2592 medio
973 2525 1087 2591 fructu
1120 2531 1216 2590 extra
1249 2527 1379 2592 curvati
1413 2529 1501 2602 sunt,

370 2655 436 2719 quo
471 2633 510 2698 fit
544 2638 581 2697 ut
615 2635 651 2697 in
684 2634 800 2698 loculis
835 2633 976 2718 singulis
1010 2633 1152 2698 laminae
1186 2634 1283 2698 binae
1306 2654 1437 2697 crassae
1459 2632 1503 2696 ad

371 2739 642 2826 perpendiculum
675 2741 796 2818 adsint,
831 2762 916 2827 quae
949 2739 992 2804 ad
1025 2740 1200 2804 circuitum
1235 2739 1421 2824 perductae,
1455 2738 1502 2803 ibi

371 2846 582 2931 divergentes
606 2846 758 2931 placenta
780 2847 935 2912 efficiunt.
960 2845 1034 2925 Qua
1052 2845 1094 2910 de
1113 2867 1213 2911 censa
1231 2846 1331 2911 loculi
1348 2848 1367 2910 6
1387 2845 1503 2910 edesse

370 2952 539 3034 videntur,
561 2953 597 3016 in
619 2953 740 3038 quibus
763 2955 890 3018 semine
911 2955 947 3017 in
970 2953 1143 3018 ordinibus
1166 2953 1208 3017 ad
1232 2952 1503 3038 perpendiculum

370 3059 505 3124 directis
542 3061 560 3122 2
591 3059 645 3123 vel
675 3061 705 3137 3,
730 3059 772 3124 ed
796 3060 914 3124 libram
938 3060 1099 3144 placentis
1124 3059 1222 3123 affixa
1244 3064 1333 3123 sunt.
1382 3059 1503 3123 Omnia

371 3164 480 3252 spatia
513 3166 706 3242 loculorum,
738 3188 799 3231 nec
828 3167 938 3231 minus
960 3169 1050 3232 inter
1073 3167 1208 3244 semina,
1233 3167 1299 3231 tela
1322 3166 1503 3252 spongiosa

371 3273 508 3357 implete
534 3277 627 3352 sunt;
658 3277 802 3338 stratum
825 3278 1010 3338 extremum
1033 3273 1164 3339 fructus
1187 3273 1381 3339 decorticeti
1404 3274 1502 3359 paulo

370 3380 480 3444 minus
503 3381 720 3466 spongiosum
743 3385 804 3458 est,
829 3381 935 3465 magis
960 3379 1255 3445 membranaceum.
1281 3380 1502 3458 Laminae,de

369 3485 490 3572 quibus
514 3507 615 3572 supra
637 3508 746 3551 sermo
766 3491 846 3564 eret,
867 3485 1084 3553 cumfructus
1097 3487 1274 3565 siccentur,
1286 3486 1382 3551 valde
1394 3487 1502 3550 diver·

369 3613 448 3676 gere
477 3593 594 3670 solent,
627 3594 822 3678 praesertim
843 3594 879 3658 in
902 3592 1032 3659 fructus
1055 3599 1150 3678 parte
1173 3595 1351 3679 superiore,
1375 3615 1442 3680 quo
1464 3595 1502 3659 fit

370 3704 408 3764 ut
437 3698 529 3764 intus
559 3699 662 3764 rimae
693 3703 713 3764 3
736 3700 881 3766 directae
904 3701 1101 3786 conspicuae
1126 3701 1205 3780 sint,
1228 3701 1370 3786 quaein
1393 3699 1502 3764 medie

370 3810 465 3891 parte
499 3807 756 3892 coniunguntur,
788 3814 884 3873 extra
914 3808 1079 3874 cuneatim
1102 3808 1325 3873 discurrentes
1349 3807 1384 3871 in
1407 3811 1501 3892 parte

369 3912 533 3976 letissima
552 3913 739 3979 centimetri
758 3915 931 3979 dimidium
954 3916 1038 3998 (0,5)
1057 3914 1100 3978 ed
1119 3915 1351 3979 centimetrum
1373 3918 1389 3977 1
1414 3914 1501 3979 letae

370 4025 459 4085 sunt.
485 4019 566 4082 Pers
588 4020 729 4085 interior
751 4021 881 4086 fructus
906 4022 990 4087 hano
1014 4022 1056 4086 ob
1074 4043 1209 4087 causam
1228 4021 1325 4086 facile
1340 4021 1500 4106 inpartes

371 4126 391 4188 3
424 4129 582 4190 cuneatus
615 4125 787 4204 dividitur,
831 4129 1066 4194 convenientos
1106 4151 1180 4194 cum
1223 4128 1309 4193 binis
1348 4127 1500 4214 pertibus

369 4231 588 4317 carpellorum
622 4232 810 4310 confinium,
846 4254 920 4300 cum
951 4236 1102 4321 placenta
1135 4257 1275 4323 quoquo,
1311 4235 1340 4300 si
1371 4234 1501 4301 functus
