3530 5026
865 492 928 554 118

377 687 483 751 Elsmi
495 689 678 772 grammate
692 689 708 748 1
723 706 797 750 eum
809 685 954 750 aetheris
966 685 1105 771 petrolei
1116 686 1321 752 centimetris
1333 687 1457 754 cubicis

330 795 372 858 20
381 792 799 879 conquassato‚siliquoris
807 793 953 857 aetherei
961 793 1156 858 centimetra
1165 793 1279 859 cubica
1290 797 1330 858 10
1338 795 1457 860 caloris

328 901 436 988 gredu
458 922 525 965 non
548 899 624 986 plus
647 921 746 986 quam
770 898 828 963 60⁰
843 904 1024 985 evaporata
1037 906 1145 978 erunt,
1161 901 1330 966 residuum
1346 901 1457 966 odoris

328 1007 422 1072 valde
466 1007 647 1083 aromatici,
691 1006 796 1092 spisse
829 1006 1000 1092 liquidum,
1036 1028 1120 1072 neve
1153 1008 1457 1094 milligrammatum

328 1115 439 1178 minus
461 1134 560 1199 quam
585 1116 649 1177 200
669 1114 723 1178 sit.

738 1601 1044 1722 Emplastra.

374 1778 572 1865 Emplastra,
596 1779 662 1844 nisi
684 1779 784 1844 aliter
806 1781 1047 1866 praescriptum
1066 1780 1139 1857 erit,
1160 1779 1196 1842 in
1216 1779 1335 1844 balneo
1353 1801 1458 1866 aquus

328 1891 496 1970 parentur.

373 1993 484 2058 Massa
524 1994 694 2079 emplastri
727 2015 827 2080 quam
861 1995 1004 2059 maxime
1037 1994 1183 2079 aequalis
1216 1994 1388 2081 redigatur
1422 1993 1457 2057 in

327 2099 469 2164 formam
492 2101 716 2186 cylindrieam.

374 2207 564 2292 Emplastra
597 2209 713 2273 charta
746 2207 941 2294 paraffinsta
973 2209 1126 2273 involuta
1157 2214 1348 2287 serventur3
1371 2229 1456 2294 quae

328 2312 491 2378 elementa
526 2316 675 2380 volatilia
709 2317 891 2394 continent,
927 2317 1064 2402 insuper
1097 2317 1131 2380 in
1159 2317 1286 2401 lagenis
1309 2320 1343 2380 et
1366 2315 1456 2380 tubis

327 2422 440 2487 aeneis
461 2421 592 2488 clausis.

442 2907 492 3004 -Ι-
527 2911 868 3033 [mplaslrum
903 2912 1259 3007 altaesilum.

727 3089 1055 3175 Collemplastrnm.

373 3211 509 3278 Calface
530 3215 566 3278 in
589 3214 708 3279 balneo
730 3237 858 3294 arenae,
883 3215 1025 3302 agitans,

425 3327 555 3378 Gummi
576 3326 702 3379 elutiel
722 3327 857 3398 partes
878 3321 1007 3379 decem
1045 3363 1372 3380 .........
1421 3319 1458 3376 10

327 3421 362 3482 et

426 3529 538 3594 Adipte
563 3531 670 3582 Lente
697 3531 832 3602 partes
853 3527 1003 3603 viginti
1044 3568 1371 3586 .........
1419 3523 1457 3580 20

327 3621 407 3685 dum
430 3623 536 3687 mixte
557 3623 708 3710 aequalis
730 3625 808 3690 sint.

373 3727 437 3791 His
460 3729 703 3813 quodammodo
726 3731 932 3817 refrigeretis
954 3731 1039 3797 adde

425 3840 600 3904 Emplastri
620 3843 723 3906 oxydi
744 3845 899 3908 plumbloi
923 3847 1058 3916 partes
1079 3837 1338 3916 septuaginta
1365 3879 1372 3894 .
1419 3835 1457 3894 70

327 3935 361 3996 et
382 3931 418 3995 in
441 3933 560 3998 balneo
583 3956 696 4021 aquae,
720 3937 863 4022 agitans,
888 3936 1012 4002 calfaee
1027 3936 1107 4000 dum
1118 3957 1229 4000 massa
1239 3932 1387 4019 esqualis
1399 3931 1453 3996 sit.

373 4039 599 4124 Emplastrum
622 4043 839 4128 subgrissum‚
864 4045 960 4109 valde
984 4044 1176 4108 adhaerens.
