3530 5026
836 541 899 604 159

304 735 424 814 viridis,
467 757 545 822 pars
583 735 723 802 inferior
757 756 894 820 prorsus
929 735 1045 800 eodem
1080 735 1179 800 modo
1197 735 1329 823 pilosa,
1365 756 1431 820 quo

304 841 442 926 petiolus
463 844 663 922 eommunis3
687 864 765 929 pars
788 843 941 929 superior
963 842 1034 907 fere
1056 840 1184 929 glabra.

207 977 210 984 ·
349 947 437 1013 Odor
469 949 595 1029 nullus;
630 970 731 1035 sapor
763 949 1007 1035 quodammodo
1042 953 1219 1034 penetrans
1253 947 1431 1026 subdulcia,

305 1054 393 1139 quasi
413 1055 537 1121 radiois
559 1055 750 1143 liquiritiss.

347 1161 386 1226 In
408 1162 506 1228 India
529 1162 692 1228 Orientali
714 1161 960 1228 Nederlaudioa
982 1160 1123 1227 Abrus
1153 1161 1432 1249 precatorias

307 1265 388 1333 iuter
409 1269 475 1334 alia
497 1269 631 1334 nomine
652 1291 734 1356 sapa
757 1275 906 1338 vocatur.

772 1513 973 1524 -u—-nuun

539 1699 590 1800 ÷
623 1705 777 1799 fotis
826 1705 1110 1798 uitiasse.

343 1900 437 1965 Folia
470 1921 554 1986 quae
577 1898 645 1966 fert
674 1887 859 1966 Althaea
887 1900 1145 1978 officinalis,
1175 1899 1276 1964 Lmu.
1301 1899 1358 1986 Sp.
1384 1899 1432 1964 Pl.

304 2006 350 2075 ed.
373 2007 400 2072 Ι.
425 2007 500 2086 686,
524 2007 568 2080 ab
589 2006 692 2072 herba
714 2006 849 2072 florenti
872 2006 1021 2073 collecta.

342 2150 474 2214 Folium
507 2151 660 2236 simplex,
692 2151 900 2238 petiolatum.
937 2149 1086 2216 Petiolus
1117 2149 1314 2215 centimetra
1346 2147 1431 2212 lad

303 2257 321 2320 6
342 2259 472 2342 longus,
496 2278 639 2344 superne
662 2257 834 2343 paululum
848 2278 1068 2342 compressus.
1083 2256 1222 2321 Lamina
1235 2256 1433 2321 centimetra

304 2364 384 2428 5ad
410 2366 452 2428 10
474 2363 585 2450 longa,
609 2364 678 2429 lata
700 2362 897 2428 centimetra
922 2365 943 2426 3
966 2363 1009 2428 ad
1032 2365 1070 2443 83
1095 2367 1195 2428 ovata
1217 2361 1271 2427 vel
1286 2361 1432 2439 cordata,

302 2471 373 2556 plus
402 2470 513 2536 minus
542 2469 804 2557 palmatilobata,
837 2470 923 2535 lobia
947 2473 968 2534 3
991 2471 1034 2535 sd
1059 2473 1095 2550 53
1127 2490 1213 2556 apex
1233 2473 1352 2536 acutus
1374 2472 1434 2533 aut

302 2575 455 2643 obtusus:
486 2587 581 2642 ousta
604 2583 638 2643 et
671 2577 768 2641 nervi
801 2577 956 2643 laterales
978 2577 1014 2641 in
1037 2581 1133 2662 parte
1155 2575 1315 2640 inferiore
1338 2573 1434 2639 valde

302 2683 492 2762 eminentia3
517 2705 634 2769 margo
657 2684 839 2749 enormiter
861 2688 1019 2749 serratus.
1044 2682 1243 2770 Superfioies
1266 2680 1382 2768 petioli
1401 2686 1436 2745 et

301 2788 439 2855 laminae
473 2795 546 2855 tota
570 2791 880 2876 griseotomentosa,
901 2790 987 2876 pilis,
1001 2811 1095 2876 quos,
1109 2787 1434 2876 permioroseopium

300 2897 516 2983 quinquagies
558 2897 786 2984 amplificatos,
830 2897 1004 2962 stellarum
1045 2896 1145 2961 modo
1179 2896 1328 2962 radiatos
1363 2915 1435 2959 esse

303 3007 447 3088 apparet,
473 3003 576 3068 radiis
601 3006 619 3067 2
642 3003 685 3068 sd
710 3008 740 3068 5.

346 3107 439 3172 Odor
460 3108 572 3174 nullus
579 3128 587 3188 ;
611 3131 711 3196 sapor
734 3110 1004 3196 mucilaginosus.

525 3596 576 3694 ÷
609 3599 763 3693 Fotis
812 3599 1128 3694 issaariii.

350 3792 443 3858 Folia
476 3816 561 3880 quae
595 3793 664 3861 fert
693 3793 982 3861 Ansoardium
1013 3792 1300 3872 occidentale,
1334 3792 1434 3858 Lmu.

305 3899 362 3985 Sp.
387 3900 435 3964 Pl.
461 3901 512 3966 ed.
536 3901 564 3968 I.
590 3904 665 3966 383.

349 4042 481 4107 Folium
511 4043 661 4129 simplex,
692 4043 900 4130 petiolatum.
925 4041 1075 4108 Petiolus
1097 4042 1293 4108 centimetra
1315 4038 1358 4103 ad
1383 4039 1436 4116 2,3

302 4149 434 4234 longus,
448 4170 590 4236 superne
602 4172 737 4236 aequus.
762 4151 909 4227 Lumina,
936 4149 1126 4235 longitudo:
1145 4149 1179 4212 M
1192 4175 1225 4208 =
1239 4144 1437 4212 centimetrs

307 4257 392 4334 122,
428 4256 514 4336 Q:
538 4258 735 4323 centimetra
771 4260 800 4334 2,
833 4257 992 4323 latitudo:
1019 4257 1052 4320 M
1081 4283 1114 4318 :
1141 4254 1339 4321 centimetra
1372 4253 1435 4328 6,5,
