3530 5026
863 479 926 541 150

370 673 414 739 5⁰.
457 677 600 738 stratum
642 672 803 758 pigmenti
844 678 1002 739 constans
1043 672 1171 738 cellulis
1205 673 1453 761 quadrangulis,

323 779 530 866 compressis,
562 779 763 844 membranis
792 779 1036 866 quodammodo
1061 779 1260 858 tumefactis,
1291 781 1456 847 scrobicu-

323 887 431 952 lorum
461 887 617 953 altiorum
651 887 775 972 plenis;
809 908 919 952 massa
952 887 1090 953 cellulae
1113 887 1242 953 inclusa
1263 887 1454 974 aequabilis,

324 993 427 1072 fusca,
455 993 626 1079 angulosa,
651 994 763 1058 lumen
785 992 856 1058 fere
880 993 1162 1080 totumimplens.
1210 993 1252 1058 In
1274 995 1455 1060 seminibus

322 1100 383 1165 lini
405 1101 604 1187 importatis,
630 1100 727 1165 flavis
750 1101 813 1166 hoc
836 1104 979 1164 stratum
1003 1098 1106 1164 deest.

369 1208 544 1274 Praeterea
580 1207 684 1273 multa
718 1205 907 1292 fragmenta
941 1205 1069 1270 minora
1099 1205 1390 1291 spermodermidis
1421 1217 1456 1270 et

323 1315 441 1393 nuclei,
472 1335 566 1400 quae,
591 1319 821 1400 praeterquam
844 1312 1018 1377 elementis
1040 1332 1141 1397 supra
1163 1309 1354 1390 nominatis,
1377 1333 1454 1378 con·

323 1426 432 1487 stant:
454 1423 711 1507 parenchymate
731 1420 924 1506 leptotich0‚
944 1418 1065 1484 coloris
1081 1419 1211 1504 experti
1233 1417 1455 1504 endospermii

324 1534 358 1595 et
391 1528 592 1614 embryonis,
627 1528 721 1595 cuius
755 1526 893 1594 cellulae
916 1525 1029 1614 granis
1052 1526 1157 1590 aleuri
1179 1526 1334 1612 impletae
1357 1531 1453 1604 sunt;

324 1635 438 1701 multis
458 1635 557 1701 strati
575 1634 738 1721 pigmenti
757 1635 876 1699 massis
896 1634 1023 1699 cellulis
1041 1634 1179 1700 inclusis
1197 1634 1327 1712 solutis,
1340 1632 1452 1711 fuscis,

322 1741 810 1829 quadranguloorbicularibus3
840 1741 954 1828 granis
983 1741 1088 1806 aleuri
1110 1739 1181 1807 fere
1202 1741 1362 1827 globosis,
1386 1740 1454 1806 dia·

323 1854 429 1914 metro
466 1852 507 1913 10
526 1848 569 1913 ad
594 1851 635 1913 20
658 1873 693 1928 μ,
718 1847 912 1936 plerumque
933 1848 1093 1934 praeditis
1115 1848 1293 1934 globoideo
1315 1847 1454 1934 globoso

325 1960 353 2033 1,
393 1955 556 2021 diametro
591 1959 659 2032 ὅμ
693 1955 744 2039 (in
776 1954 850 2020 oleo
883 1955 1193 2041 caryophyllorum)
1225 1960 1260 2020 et
1285 1954 1453 2040 crystallis

323 2062 501 2127 albuminis
539 2066 555 2125 l
585 2062 638 2127 vel
661 2061 822 2148 pluribus,
846 2083 1085 2147 nonnunquam
1108 2083 1225 2149 parurn
1248 2061 1452 2148 conspicuis;

322 2167 437 2253 granis
470 2187 602 2254 quoque
635 2169 740 2232 aleuri
774 2168 937 2233 diametro
970 2174 987 2232 1
1019 2167 1063 2233 ad
1090 2171 1109 2232 2
1133 2192 1176 2254 μ;
1200 2169 1307 2254 guttis
1332 2167 1452 2233 oleosis

321 2274 460 2339 nonita
482 2273 597 2338 multis
619 2275 669 2358 (in
692 2275 835 2359 hydrate
854 2274 1017 2360 chlorali);
1041 2276 1211 2341 nonnullis
1223 2275 1338 2362 granis
1349 2274 1452 2361 amyli

323 2380 462 2465 magnis,
488 2380 661 2467 separatis,
683 2380 754 2445 fere
773 2381 930 2467 globosis,
951 2381 1114 2448 diametro
1134 2383 1209 2467 plus
1227 2383 1338 2447 minus
1359 2385 1400 2447 15
1412 2401 1451 2460 μ;

323 2487 376 2553 hic
412 2487 480 2552 illic
513 2488 627 2572 granis
661 2487 846 2552 minoribus
879 2490 915 2572 (4
949 2491 989 2573 μ)
1021 2489 1110 2554 inter
1143 2511 1248 2575 grana
1280 2489 1384 2554 aleuri
1417 2489 1452 2553 in

322 2593 449 2660 cellulis
484 2594 800 2680 parenchyrnaticis;
827 2596 931 2681 amyli
954 2617 992 2660 eo
1016 2596 1144 2661 minore
1166 2597 1363 2682 quantitate,
1387 2616 1453 2681 quo

322 2701 485 2766 maturius
520 2721 632 2766 semen
666 2707 738 2767 erat
772 2707 921 2789 tempore
956 2703 1090 2782 messis3
1115 2704 1263 2789 amylum
1284 2724 1452 2790 nunquam

321 2809 422 2873 ullius
445 2808 605 2874 momenti
629 2809 683 2874 sit.

367 2914 459 2980 Odor
481 2915 645 3001 proprius,
670 2937 731 2983 nec
753 2916 909 2982 rancidus
931 2938 992 2983 nec
1015 2917 1175 2983 mucidus.

367 3021 489 3086 Farina
519 3021 604 3100 Lini,
629 3021 752 3087 additis
775 3044 880 3109 aquae
902 3023 1054 3109 partibus
1081 3027 1131 3102 10,
1156 3023 1283 3111 pultem
1307 3028 1450 3101 tenrmm,

323 3128 595 3214 mucilaginosam
618 3129 785 3215 praebeat,
809 3152 902 3215 quae,
927 3153 969 3195 ne
992 3130 1080 3195 diem
1103 3151 1207 3195 unum
1230 3130 1362 3216 quidem
1386 3151 1451 3195 ser·

322 3241 409 3312 vata,
435 3235 570 3301 odorem
594 3235 749 3315 alienum,
773 3237 938 3322 imprimis
960 3237 1150 3324 sinapinum
1170 3242 1324 3323 spargat3
1344 3236 1453 3324 liquor
1544 3301 1546 3306 .

322 3342 400 3407 inde
423 3341 561 3408 defimus
583 3343 637 3408 vel
661 3364 846 3430 expressus,
866 3344 1020 3423 filtratus,
1041 3344 1156 3410 addita
1175 3345 1341 3410 solutione
1361 3343 1450 3420 iodii,

322 3451 466 3517 colorem
489 3451 676 3517 caeruleum
698 3473 741 3515 ne
763 3451 886 3517 trahat.

368 3556 490 3622 Farina
520 3557 595 3622 Lini
625 3579 730 3644 aquae
760 3558 932 3624 contineat
958 3567 1070 3645 partes
1092 3558 1291 3624 centesimas
1313 3579 1355 3622 ne
1378 3557 1452 3643 plus

323 3686 423 3750 quam
456 3666 507 3742 13,
539 3665 712 3731 combusta
741 3665 862 3732 cineris
892 3688 935 3731 ne
957 3666 1032 3751 plus
1055 3687 1155 3751 quam
1178 3671 1290 3751 partes
1313 3661 1452 3731 centesi-

323 3792 394 3836 mas
418 3774 437 3837 6
460 3771 637 3858 relinquat.

293 3953 294 3956 ,
367 3879 488 3944 Farina
519 3879 594 3944 Lini
622 3885 774 3946 servetur
796 3881 870 3946 loco
894 3880 982 3946 sicco
1005 3903 1089 3945 neve
1112 3901 1201 3945 anno
1224 3900 1292 3943 uno
1315 3877 1450 3944 diutius.
