3582 5034
860 502 922 571 2⁷⁷

368 701 480 765 Massa
502 698 694 785 inaequalis,
720 699 853 764 sordide
876 699 1067 765 rubroflava
1090 700 1144 763 vel
1162 698 1369 778 rubroiusca,
1383 721 1456 786 pas·

324 806 386 872 sim
415 806 536 884 albida,
561 805 675 871 odoris
706 811 739 871 et
762 807 891 892 saporis
914 805 1011 872 valde
1035 806 1217 884 aromatici,
1241 806 1355 891 quales
1378 812 1458 872 sunt

324 913 466 979 Seminis
496 913 699 1000 Myristicae.
747 913 867 978 Oleum
897 912 1089 998 Myristicae
1120 931 1314 998 expressum
1337 913 1457 978 caloris

323 1021 430 1106 gradu
462 1019 519 1085 15⁰
549 1040 730 1107 granosum
760 1026 821 1098 est,
853 1019 960 1106 gradu
987 1020 1046 1086 47⁰
1068 1020 1110 1085 ad
1135 1023 1214 1084 51mm
1237 1019 1398 1106 liquescat
1421 1021 1457 1085 in

322 1129 483 1215 liquorem
506 1127 750 1194 fuscorubrum.
787 1128 921 1193 Pondus
945 1127 1133 1212 specificam
1158 1128 1256 1206 0,920
1279 1127 1322 1192 ad
1346 1129 1455 1204 0,950.

323 1235 404 1300 Oleo
423 1235 617 1321 Myristicae
635 1256 792 1321 expresso
815 1256 883 1300 una
894 1257 969 1301 cum
981 1235 1119 1321 spiritus
1130 1235 1318 1321 quantitate
1329 1235 1457 1301 decem-

322 1341 398 1427 plici
422 1343 458 1405 in
481 1342 600 1408 balneo
619 1363 725 1427 aquae
745 1341 916 1420 calefacto
929 1341 1040 1427 liquor
1052 1340 1194 1407 exsistat
1205 1341 1324 1420 clarus,
1339 1342 1374 1406 in
1390 1363 1457 1427 quo

322 1453 453 1514 tantum
482 1448 640 1534 reliquias
670 1449 848 1513 nonnullas
879 1448 1056 1513 seminum¹
1072 1448 1265 1535 myristicae
1288 1449 1374 1513 telae
1402 1469 1456 1512 su-

323 1575 459 1641 spensas
489 1575 562 1620 esse
584 1555 671 1633 licet,
696 1577 714 1619 e
736 1577 803 1640 quo
826 1554 1058 1641 refrigescenti
1081 1553 1295 1641 pinguedinis
1318 1555 1456 1620 dimidia

323 1683 399 1746 pars
433 1681 549 1726 rursus
584 1661 769 1727 secernitur
802 1661 838 1725 in
871 1661 1029 1747 crystalla
1062 1661 1147 1740 alba,
1184 1661 1301 1740 nitida,
1336 1663 1456 1728 caloris

322 1769 426 1852 gradu
450 1769 508 1833 54⁰
529 1769 572 1833 ad
596 1770 676 1833 55ιιιιι
696 1767 914 1853 liquescentis
935 1769 1187 1855 (myristinum).

633 2087 816 2184 Oleum
851 2088 1143 2185 olivarum.

367 2267 486 2332 Oleum
509 2267 641 2353 pingue,
666 2265 775 2332 calore
798 2288 867 2331 non
889 2266 1041 2332 adhibito
1064 2268 1277 2353 expressione
1301 2273 1455 2352 paratum

322 2395 340 2438 e
362 2373 529 2440 fructibus
547 2373 689 2439 maturis
709 2395 792 2460 quos
816 2373 953 2458 praebet
976 2372 1079 2438 Olea
1102 2395 1327 2460 europaeo,
1353 2375 1454 2440 Lmu.

324 2479 380 2566 Sp.
405 2481 453 2546 Pl.
478 2483 508 2547 8.

367 2623 485 2690 Oleum
516 2623 714 2701 subflavum,
746 2643 822 2688 cum
850 2643 966 2688 recens
996 2644 1190 2708 expressum
1220 2627 1273 2688 est
1302 2645 1455 2689 nonnun-

322 2753 420 2816 quam
450 2731 630 2808 subviride,
661 2751 730 2794 non
760 2749 933 2808 arescens3
969 2729 1052 2795 odor
1083 2736 1116 2795 et
1146 2752 1246 2817 sapor
1276 2734 1394 2796 tenues
1421 2737 1456 2798 et

322 2837 457 2924 proprii.
505 2837 638 2902 Pondus
662 2835 851 2922 specificum
874 2839 973 2914 0,915
996 2836 1040 2900 ad
1062 2838 1172 2915 0,918.

366 2944 485 3009 Oleum
517 2943 690 3009 Olivamm
712 2943 831 3008 caloris
854 2943 961 3029 gradu
987 2943 1045 3007 10⁰
1067 2943 1239 3029 spissescit
1262 2949 1296 3009 et
1316 2945 1453 3011 secretis

322 3051 524 3137 crystallinis
540 3050 714 3129 turbatur;
737 3050 846 3116 calore
858 3050 976 3136 glaciei
987 3049 1201 3135 liquescentis
1212 3072 1324 3116 massa
1335 3053 1456 3137 ungui-

322 3180 404 3223 nosa
427 3163 462 3223 et
485 3178 630 3243 granosa
652 3163 714 3224 est.

365 3264 473 3329 Index
501 3263 740 3342 iodimetricus,
772 3263 1000 3348 experimento
1027 3263 1063 3327 in
1085 3262 1365 3350 milligrammatis
1390 3266 1454 3329 220

321 3371 363 3436 ad
386 3374 450 3436 250
474 3393 534 3457 per
556 3372 658 3436 horae
680 3375 809 3456 partem
829 3375 983 3456 quartam
1002 3370 1208 3448 continuato,
1228 3393 1270 3436 ne
1290 3372 1335 3436 sit
1347 3371 1456 3436 minor

321 3500 419 3563 quam
442 3480 485 3542 82
508 3499 592 3543 neve
615 3477 722 3543 maior
744 3499 843 3564 quam
867 3480 920 3543 85.
959 3477 1033 3543 Olei
1054 3477 1226 3543 Olivamm
1249 3479 1455 3543 centimetris

320 3583 444 3650 cubicis
473 3584 643 3648 nonnullis
675 3606 750 3650 cum
781 3584 866 3649 acidi
897 3585 1010 3650 uitrici
1034 3584 1106 3670 pari
1129 3585 1297 3649 volumine
1320 3583 1456 3649 fortiter

321 3691 561 3778 conquassatis,
582 3692 688 3757 mixta
707 3691 782 3756 alba
802 3692 879 3771 sint,
900 3692 1009 3757 oleum
1028 3693 1173 3757 colorem
1190 3691 1389 3756 subrubrum
1401 3693 1455 3756 vel

321 3797 517 3863 subfuscum
539 3819 581 3862 ne
604 3799 727 3864 trahat.

365 3901 439 3967 Olei
469 3902 643 3968 Olivarum
673 3904 871 3970 centimetra
900 3905 1016 3970 cubica
1046 3905 1207 3969 nonnulla
1237 3904 1266 3968 si
1288 3925 1356 3968 una
1379 3923 1454 3967 cum

319 4008 405 4073 acidi
435 4009 546 4075 nitrici
574 4011 647 4096 pari
669 4011 837 4076 volumine
860 4015 1151 4089 convomuerunt,
1176 4011 1291 4076 addita
1314 4007 1454 4096 hydrar-

321 4115 397 4199 gyri
431 4117 622 4200 quantitate
657 4138 770 4202 parva,
806 4125 883 4202 post
917 4120 1017 4184 horas
1048 4119 1228 4183 nonnullas
1250 4117 1286 4180 in
1309 4135 1453 4178 massam

321 4219 471 4299 solidam,
495 4221 565 4288 fere
588 4222 696 4288 albam
720 4223 874 4290 abierint.
