3544 5050
902 521 966 584 452

674 719 926 813 Tinctum
958 715 1079 836 ficii.
1115 716 1198 810 ΕΙ.

788 895 870 980 ορ11
893 896 1078 963 'tinctura

414 1039 565 1104 Madelao

465 1151 615 1204 Pulveris
635 1151 707 1215 Opil
727 1151 862 1222 partes
882 1143 1011 1202 decem
1013 1187 1414 1204 ...........
1465 1143 1505 1200 10

465 1251 607 1315 Spiritus
626 1248 723 1300 diluti
744 1242 929 1320 partibus
949 1242 1102 1301 duabus
1130 1285 1414 1302 ........
1484 1241 1503 1296 2

412 1363 475 1426 Per
497 1361 653 1446 spiritum
676 1358 819 1424 dilutum
839 1359 1049 1444 percolaquo
1062 1359 1161 1424 modo
1173 1357 1352 1423 Tinctmae
1364 1355 1501 1423 Aconiti

367 1468 609 1554 praescriptum
632 1471 692 1531 est.

412 1575 536 1660 Liquor
558 1573 787 1649 rubrofuscus,
811 1572 941 1658 saporis
964 1573 1078 1636 amari.

412 1683 572 1746 Tinctura
607 1680 683 1766 Opii
718 1680 885 1764 morphini
920 1681 1090 1745 contineat
1125 1685 1252 1766 partem
1285 1679 1500 1744 centesimam

369 1787 438 1852 iere
453 1793 481 1866 1;
501 1792 664 1873 quantum
676 1787 767 1863 insit,
780 1787 828 1850 ita
839 1787 1015 1850 statuitur:
1033 1786 1211 1852 Γ110010ιο0
1224 1787 1302 1872 Opii
1314 1790 1501 1872 mammete

370 1899 410 1959 15
434 1896 469 1959 in
493 1894 612 1959 balneo
646 1915 751 1978 oquae
785 1913 930 1977 evapora
956 1893 999 1956 ad
1022 1899 1209 1978 grammata
1233 1897 1262 1972 5,
1286 1892 1416 1978 quibus,
1441 1913 1501 1977 per

369 2024 472 2088 equae
506 2001 729 2086 quantitatem
765 2021 901 2084 parvam
936 1999 971 2062 in
1005 2000 1211 2066 cucurbitam
1241 2000 1314 2065 uoti
1342 1998 1500 2084 ponderis

369 2107 537 2184 immissis,
562 2107 646 2172 adde
670 2107 822 2193 hydratis
846 2106 959 2172 calcici
982 2107 1251 2193 milligrammata
1276 2110 1339 2172 250
1352 2110 1503 2190 ctaquae

368 2221 511 2292 tantum,
547 2220 586 2280 ut
620 2236 744 2291 eorum,
773 2235 858 2299 quae
892 2214 1065 2279 cucurbita
1095 2215 1254 2292 continet,
1294 2213 1425 2299 pondus
1455 2213 1501 2276 sit

368 2327 591 2406 grammatum
602 2324 709 2398 1525.
723 2321 928 2406 Frequenter
940 2327 1139 2386 convertens
1151 2343 1211 2410 per
1222 2322 1320 2385 horas
1334 2321 1353 2384 3
1366 2339 1499 2406 sepone3

369 2431 457 2494 filtra
480 2434 515 2494 et
537 2429 738 2494 filtratorum
761 2433 948 2513 grammata
974 2431 1014 2492 10
1037 2431 1091 2512 (z
1104 2429 1283 2494 Tincturae
1296 2427 1373 2514 Opii
1392 2448 1501 2512 gram·

370 2541 461 2601 mata
497 2537 553 2618 10)
586 2557 661 2601 cum
696 2535 840 2599 aetheris
874 2534 1080 2600 centimetris
1111 2535 1235 2600 cubicis
1260 2538 1278 2599 5
1303 2541 1337 2599 et
1360 2533 1500 2599 chlorati

370 2642 547 2707 ammonici
577 2641 858 2727 milligrammctis
888 2644 952 2705 100
987 2663 1047 2728 per
1069 2643 1171 2706 horae
1195 2647 1324 2726 partem
1347 2645 1499 2726 quartam

369 2749 501 2813 assidue
535 2753 765 2832 conquassata,
802 2771 861 2833 per
884 2750 982 2813 horas
1007 2751 1049 2812 24
1073 2771 1205 2834 sepone.
1237 2748 1332 2812 Adde
1355 2747 1500 2812 aetheris

369 2855 566 2922 centimetra
607 2855 723 2919 cubica
758 2857 828 2933 253
872 2855 1033 2940 liquorem
1071 2857 1263 2920 aethereum
1300 2855 1336 2918 in
1373 2855 1499 2918 filtrum

370 2964 491 3027 siccum
527 2962 688 3039 immitte3
717 2961 879 3046 liquorem
903 2984 1065 3047 aquosum
1095 2963 1218 3026 iterum
1251 2983 1326 3026 cum
1356 2961 1501 3026 aetheris

369 3069 575 3134 centimetris
610 3067 733 3134 cubicis
770 3071 822 3144 2‚5
857 3075 1023 3146 converte,
1063 3091 1147 3154 quae
1184 3070 1220 3133 in
1254 3068 1341 3134 idem
1376 3069 1501 3134 filtrum

369 3176 538 3240 immittes.
583 3176 665 3242 Cum
693 3176 809 3240 aether
843 3177 1059 3242 transmissus
1094 3177 1167 3254 erit,
1191 3177 1359 3262 morphini
1382 3177 1500 3241 secreti

368 3286 530 3368 quantum
554 3283 679 3368 poteris
703 3283 738 3347 in
761 3283 887 3347 filtrum
911 3283 1029 3370 collige
1049 3289 1082 3348 et
1094 3283 1300 3349 cucurbitam
1311 3283 1500 3369 filtrumque

369 3411 456 3475 aqua
489 3388 588 3454 ablue
618 3390 698 3454 dum
722 3389 861 3474 liquoris
890 3390 1069 3455 defluentis
1091 3396 1190 3476 gutta
1215 3394 1231 3454 l
1256 3390 1500 3478 phenolphtha·

368 3497 492 3561 leinum
516 3518 584 3560 non
607 3497 750 3583 amplius
774 3496 917 3576 coloret;
942 3497 1030 3582 quod
1044 3503 1082 3562 ut
1104 3497 1172 3575 fiat,
1185 3519 1290 3583 aquae
1305 3497 1501 3563 centimetra

369 3604 486 3669 cubica
510 3605 562 3681 7‚5
586 3603 737 3668 adhiberi
761 3603 847 3668 licet.
873 3603 1015 3670 Filtrum
1038 3609 1073 3669 ct
1084 3627 1168 3690 quae
1180 3605 1329 3670 continet
1340 3605 1376 3668 in
1387 3625 1502 3670 cucur·

370 3712 474 3776 bitem
504 3711 637 3777 inmitte
668 3717 711 3789 et,
740 3711 865 3776 additis
888 3711 974 3776 acidi
997 3711 1150 3777 sulfurici
1173 3712 1404 3778 deciuormalis
1426 3732 1500 3776 cen-

369 3819 513 3884 timetris
536 3818 661 3884 cubicis
687 3821 737 3895 10,
761 3824 919 3883 converte
940 3819 1020 3883 dum
1043 3819 1257 3904 morphinum
1280 3818 1427 3883 solutum
1445 3817 1500 3883 sit.

370 3926 490 4003 Filtra3
515 3924 720 3990 cucurbitam
733 3925 923 4011 filtrumque
936 3948 1020 4012 equa
1031 3926 1128 3990 ablue
1140 3927 1220 3991 dum
1232 3926 1341 4012 liquor
1352 3925 1500 3990 defluens

370 4052 437 4094 non
472 4031 615 4116 amplius
648 4031 828 4096 reactionis
860 4034 905 4097 sit
935 4033 1066 4111 acidae3
1090 4032 1215 4098 additis
1239 4030 1500 4116 heematoxylini

370 4137 476 4221 guttis
501 4139 531 4215 3,
556 4138 642 4202 acidi
667 4139 889 4223 quantitatem
909 4140 1123 4205 excedentem
1135 4161 1195 4226 per
1209 4139 1302 4206 010011Ι
1318 4140 1499 4205 retrotitra.

373 4243 470 4323 Quod
505 4249 543 4309 ut
577 4243 644 4317 fiat.
683 4244 879 4311 centimetra
903 4246 1018 4312 cubica
1049 4250 1102 4325 6,5
1134 4248 1176 4311 ad
1200 4247 1253 4325 6,ss
1277 4247 1501 4333 requirantur.
