3584 5026
835 517 898 578 232

346 709 455 792 Sapor
476 730 618 774 amarus.

345 815 468 880 Lichen
506 815 686 882 islandicus
722 817 882 883 liberetur
920 818 1045 883 acubus
1079 819 1158 903 pini,
1194 839 1317 898 musco,
1356 820 1431 884 aliis

299 920 493 1002 lichenibus‚
517 923 574 1008 qui
597 945 695 1008 saepe
717 924 850 990 adsunt.

344 1028 468 1094 Liehen
500 1030 681 1096 islandicus
715 1053 790 1096 cum
824 1053 910 1117 aqua
939 1034 970 1114 (l
993 1035 1311 1116 :emanandas
1337 1033 1365 1098 si
1387 1034 1430 1098 ad

298 1141 427 1219 partem
449 1143 602 1223 quartam
625 1144 826 1224 evaporatus
849 1139 922 1218 erit,
947 1140 1127 1222 gelatinam
1151 1141 1317 1226 praebeat.

513 1649 563 1748 -Ι-
597 1653 807 1772 tionum
856 1653 1132 1764 Quassiae.

343 1829 487 1914 Lignum
509 1830 598 1915 quod
622 1829 782 1914 praebent
805 1831 993 1911 Quassia
1016 1853 1166 1910 amara,
1188 1833 1288 1898 Lmu.
1309 1834 1365 1918 Sp.
1380 1834 1427 1898 Pl.

298 1936 349 2000 ed.
373 1935 418 2000 11.
444 1939 509 2000 553
532 1941 566 2000 et
589 1937 798 2001 Picraena
828 1939 1013 2018 excelsa,
1035 1938 1157 2006 LINDL.
1179 1939 1227 2006 Fl.
1247 1939 1333 2004 Med.
1352 1942 1426 2004 208.

341 2096 502 2176 Quassiae
533 2095 779 2162 Surinamensis
808 2098 864 2181 (Q.
887 2102 1070 2183 amarae)
1092 2098 1201 2164 fustes
1220 2101 1262 2164 ad
1286 2104 1429 2165 metrum

299 2205 315 2265 1
340 2202 442 2288 longi,
466 2203 662 2268 centimetra
687 2206 706 2267 2
725 2204 768 2268 ad
788 2207 818 2282 4,
838 2227 907 2270 non
926 2206 1111 2292 plusquam
1126 2207 1291 2284 10crassi‚
1305 2207 1428 2271 cortice

295 2329 364 2373 non
399 2309 473 2393 plus
508 2331 608 2394 quam
636 2311 826 2376 millimetra
862 2315 881 2374 2
915 2332 1037 2389 crasso,
1075 2313 1170 2398 quasi
1193 2334 1294 2398 capsa
1316 2314 1427 2379 soluta

295 2413 424 2500 lignum
459 2416 693 2494 circumdante,
730 2422 825 2482 extra
859 2417 993 2482 sordide
1017 2418 1147 2483 cinereo
1181 2420 1235 2484 vel
1257 2419 1426 2498 subfusco,

297 2544 414 2607 parum
438 2523 556 2591 fracto,

341 2629 504 2709 Quassiae
526 2629 741 2695 Iamaicensis
764 2631 814 2714 (P.
847 2632 1064 2716 excelsae)
1087 2637 1200 2718 partes
1232 2634 1428 2698 centimetra

299 2739 339 2800 15
351 2736 439 2801 altae
452 2741 646 2801 truncorum
657 2738 854 2802 centimetra
865 2739 908 2802 ad
920 2742 963 2802 40
976 2760 1173 2817 crassorum,
1187 2739 1310 2804 cortice
1321 2740 1427 2803 artius

295 2864 370 2907 cum
404 2843 497 2929 ligno
531 2844 739 2922 cohaerente,
770 2846 1004 2909 centimetrum
1034 2845 1077 2910 ad
1102 2849 1119 2909 1
1144 2867 1266 2922 crasso,
1291 2851 1427 2910 extrae

295 2951 425 3016 cinereo
448 2950 642 3028 flavofusco,
666 2952 813 3037 squamis
836 2951 1050 3016 cortiealibus
1073 2952 1193 3017 obsito.

340 3056 483 3141 Lignum
506 3059 680 3143 utriusque
699 3058 831 3142 generis
851 3057 998 3122 albidum
1010 3058 1064 3122 vel
1076 3058 1246 3142 paululum
1258 3057 1425 3134 floridum,

294 3167 463 3228 structura
488 3164 765 3249 aequabilissima,
793 3164 876 3242 leve,
900 3169 1011 3241 tenax,
1034 3163 1144 3240 fissile,
1169 3185 1266 3249 saepe
1289 3164 1426 3229 maculis

294 3291 311 3332 e
327 3270 477 3334 caemleo
489 3271 594 3357 nigris
606 3275 770 3335 notatum.
794 3270 835 3334 In
847 3271 940 3355 ligno
951 3275 1143 3335 transverse
1156 3275 1307 3356 perseoto
1319 3271 1425 3355 polito

294 3375 407 3440 circuli
430 3377 542 3454 annui,
567 3377 759 3462 plerumque
783 3400 851 3442 non
870 3378 974 3442 clausi
993 3379 1083 3442 cerni
1104 3378 1269 3456 videntur,
1289 3379 1427 3463 insuper

292 3482 377 3546 radii
396 3483 595 3548 medullares
618 3488 735 3549 tenues
756 3488 790 3550 et
809 3491 933 3570 puncta
955 3484 1060 3549 multa
1079 3505 1154 3549 cum
1177 3506 1332 3549 vasorum
1343 3484 1426 3568 ligni

293 3590 401 3676 globis
424 3591 667 3656 convenientia.
693 3591 791 3676 Ligni
815 3591 1008 3677 plerumque
1031 3613 1149 3656 rasura
1170 3591 1357 3656 adhibetur.

337 3697 557 3782 Microsoopia
584 3698 740 3783 pulveris.
772 3697 891 3762 Fibrae
913 3696 1125 3776 libriformes,
1151 3698 1225 3783 plus
1248 3697 1358 3762 minus
1384 3699 1424 3761 16

294 3802 336 3867 ad
373 3805 463 3880 2ομ
497 3825 636 3882 crassae,
672 3805 873 3870 membranis
908 3826 976 3868 non
1011 3805 1107 3869 valde
1142 3804 1272 3880 crassis,
1304 3802 1425 3867 coloris

294 3911 486 3996 expertibus
510 3918 543 3978 et
566 3912 759 3976 scrobiculis
783 3911 973 3990 rimalibus;
999 3933 1097 3996 saepe
1116 3912 1152 3974 in
1172 3910 1348 3976 fasciculos
1360 3909 1425 3974 col-

293 4017 408 4082 lectae.
448 4015 593 4081 Cellulae
615 4017 785 4081 radiorum
807 4017 1047 4094 medullarium‚
1073 4039 1171 4104 saepe
1194 4017 1229 4080 in
1252 4015 1425 4080 ordinibus

293 4122 494 4186 transversis
516 4123 552 4186 in
574 4123 733 4188 fibrarum
756 4124 925 4190 fasciculis
948 4125 1095 4210 positae;
1119 4123 1331 4202 membranae
1354 4128 1424 4187 tan·

292 4229 466 4314 gentiales‚
489 4250 548 4315 per
570 4230 704 4297 crebros
724 4231 927 4299 scrobiculos
946 4232 1082 4297 altiores
1102 4230 1262 4296 monolini
1281 4227 1425 4294 formam
