3584 5026
875 532 940 596 223

339 728 483 818 aetheris
503 726 656 814 partibus
680 729 744 791 110
766 727 802 791 in
825 727 971 812 liquores
995 726 1115 793 coloris
1138 732 1292 813 experts·
1312 728 1470 808 solvitur;

338 835 373 898 in
395 856 481 920 aqua
504 834 575 900 fere
598 857 666 900 non
690 835 851 914 solvitur3
875 836 911 900 in
934 835 1047 901 iodeto
1070 835 1181 901 kalico
1203 835 1238 899 in
1262 857 1348 921 aqua
1361 835 1471 901 soluto

339 942 374 1007 in
396 941 560 1028 liquorem
582 942 770 1008 subflavum
794 943 946 1009 solvitur.

382 1048 493 1115 Iodcti
523 1049 757 1136 hydrargyrici
787 1050 1058 1135 milligrammata
1083 1053 1125 1114 50
1148 1049 1184 1113 in
1207 1049 1346 1135 spiritus
1367 1050 1472 1115 centi-

336 1158 450 1222 metris
469 1157 594 1222 cubicis
608 1159 650 1220 10
670 1156 790 1236 soluta,
804 1179 909 1243 aquae
930 1156 1098 1222 volumine
1109 1155 1234 1242 duplici
1245 1155 1361 1236 diluta,
1374 1178 1468 1243 prae-

339 1263 512 1349 cipitatum
535 1264 623 1329 clare
645 1263 770 1329 flavum
793 1263 941 1351 deponit,
955 1263 1045 1349 quod
1057 1264 1130 1329 luce
1142 1263 1304 1347 paulatim
1315 1264 1470 1342 rubescit,

338 1370 491 1458 quodque
524 1370 639 1436 addite
669 1392 774 1456 aquae
806 1371 976 1437 chloratae
1009 1371 1207 1458 quantitate,
1242 1377 1367 1456 quanta
1390 1372 1472 1439 satis

338 1477 409 1555 crit,
433 1497 551 1542 rursus
574 1477 727 1543 solvitur.
752 1477 878 1565 Liquor
900 1478 998 1542 simul
1021 1477 1137 1543 fuscus
1157 1477 1196 1543 fit
1218 1476 1309 1542 iodio
1333 1485 1471 1557 secrst0,

337 1584 426 1668 quod
460 1585 489 1650 si
521 1607 598 1651 cum
632 1584 858 1652 chloroformo
889 1584 1175 1672 conquassabitur,
1200 1584 1236 1648 in
1260 1606 1299 1649 eo
1323 1585 1473 1650 solvetur

338 1691 447 1757 colore
472 1693 629 1759 violaceo.

381 1798 536 1865 Iodstum
572 1799 859 1886 hydrargyricum
887 1800 923 1864 in
957 1799 1077 1886 spiritu
1107 1800 1141 1884 (1
1156 1825 1190 1860 =
1205 1801 1285 1883 200)
1314 1799 1470 1878 solutum,

339 1925 397 1990 per
425 1906 557 1972 acidum
588 1907 881 1992 hydrochloricum
911 1906 1042 1972 acidum
1072 1904 1209 1985 factum,
1238 1905 1353 1972 addito
1376 1907 1472 1972 acido

338 2011 619 2097 hydrosulfurico,
651 2014 748 2079 initio
779 2014 924 2080 colorem
954 2013 1086 2081 fuscum
1110 2013 1223 2092 trahit,
1247 2013 1366 2079 deinde
1378 2035 1472 2100 prae·

339 2119 512 2205 cipitutum
535 2120 669 2206 nigrum
692 2119 840 2206 deponit.

382 2228 497 2312 Aquae
520 2228 754 2293 centimetrum
773 2227 965 2294 cubicorum
978 2229 1019 2291 10
1031 2248 1107 2293 cum
1118 2226 1228 2292 Iodsti
1240 2227 1473 2314 hydrargyrici

340 2338 522 2416 grammate
536 2337 553 2397 1
566 2340 865 2420 conquassatorum
876 2335 1011 2413 filtrata,
1025 2333 1140 2399 addito
1151 2335 1276 2399 nitratc
1291 2335 1472 2419 argentiue,

340 2441 569 2507 tantummodo
588 2441 707 2507 leviter
730 2441 934 2529 opalcscunt
955 2463 1015 2508 nec
1034 2440 1144 2506 minus
1160 2441 1326 2506 ammonia
1338 2441 1474 2526 insuper

341 2546 463 2616 additu.

385 2689 416 2754 A
445 2690 541 2757 luce
571 2697 782 2758 remotum
813 2697 1029 2757 servetur.

436 2815 548 2876 Doses
569 2817 749 2878 maximae
770 2817 932 2894 singulae
953 2817 1286 2892 milligrammatum
1308 2814 1356 2877 15.

435 2913 548 2974 Doses
569 2915 751 2976 maximae
772 2915 810 2975 ln
832 2915 939 2976 horas
960 2916 1105 2976 vicenas
1127 2918 1318 2990 quaternas

477 3012 814 3089 mmigrammatnm
834 3013 883 3076 to.

543 3429 769 3525 lodelum
811 3429 1270 3549 hydrargyrosum.

845 3606 961 3693 Hgals·

386 3743 539 3825 Contere,
563 3748 678 3814 addito
702 3749 823 3834 spiritu
846 3749 976 3834 lenique
999 3749 1107 3815 calore
1130 3748 1291 3827 adhibito,

438 3858 643 3925 Hydram
670 3863 808 3933 partes
839 3863 1032 3932 quattuor
1059 3897 1388 3916 .........
1457 3855 1474 3909 4

342 3967 415 4014 cum

436 4063 539 4116 lodetl
559 4065 788 4131 hyquyrlci
815 4059 1002 4138 partibus
1023 4079 1156 4118 novem
1180 4099 1388 4118 ......
1456 4055 1473 4112 9

342 4149 419 4218 dum
449 4157 532 4220 nulli
563 4157 629 4220 iam
651 4157 780 4244 globuli
803 4157 958 4223 metallici
981 4157 1150 4242 conspicui
1173 4157 1251 4221 sint.
1299 4153 1471 4218 Pulverem

342 4260 459 4343 spiritu
493 4263 591 4328 ablue
614 4262 693 4327 dum
718 4265 771 4331 hic
801 4263 916 4328 addito
936 4264 1030 4330 acido
1050 4262 1321 4349 hydrosulfurico
1341 4264 1472 4324 tuntum
