3530 5026
896 489 939 551 84

395 685 544 754 Chloreti
576 683 752 749 ammonici
781 702 932 768 gramma
967 681 1044 746 lin
1068 701 1172 766 00000
1195 680 1400 746 centimetria
1423 702 1478 746 cn·

350 796 433 861 bicia
457 796 499 858 10
522 793 666 857 solutum
685 791 820 867 clarum,
843 788 965 855 coloris
984 808 1113 873 expers,
1137 788 1479 854 nentrinareactionia

351 903 395 968 011
428 905 487 966 001
514 904 584 965 tam
606 898 720 964 acidae
742 901 790 976 nt,
815 895 930 961 addita
951 894 1049 961 alcali
1072 894 1303 960 decincrmalia
1327 899 1425 981 gutta
1449 899 1479 974 1,

351 1030 419 1075 non
442 1006 584 1093 amplius
607 1005 699 1071 acide
721 1007 849 1090 reagat.

396 1113 545 1182 Chloreti
566 1113 740 1178 ammonici
763 1110 958 1177 centimetra
980 1109 1095 1174 cubica
1119 1112 1160 1173 10
1183 1110 1215 1172 in
1237 1131 1324 1195 aqua
1342 1111 1481 1194 (1:20)

351 1225 460 1289 soluta
482 1227 516 1287 et
535 1243 594 1307 per
605 1218 736 1285 acidum
748 1217 945 1283 sulfuricum
955 1216 1099 1282 dilutum
1111 1216 1206 1282 acida
1216 1216 1316 1295 iacta,
1330 1238 1481 1302 perman·

350 1330 483 1418 ganatis
516 1327 617 1392 kalici
650 1327 835 1410 (1:1000)
868 1327 967 1409 gutta
999 1325 1016 1387 1
1045 1324 1160 1402 mixta,
1185 1345 1227 1388 ne
1249 1322 1482 1389 decolorentur

351 1439 442 1504 intra
475 1436 576 1500 horae
609 1439 739 1519 partam
772 1437 927 1518 quartam
960 1433 1244 1516 (empyreamctc).
1276 1431 1393 1496 Soluta
1423 1452 1482 1516 per

352 1541 483 1609 acidum
506 1538 797 1626 hydrcchloricum
820 1537 915 1603 acida
937 1537 1029 1603 iacta
1051 1561 1093 1604 ne
1115 1538 1231 1605 addito
1249 1538 1344 1604 acido
1360 1539 1482 1624 hydro-

354 1649 514 1715 auliuricc
536 1668 620 1711 neve
643 1646 768 1711 nitrctc
787 1645 940 1730 barytico
951 1667 1036 1710 nave
1047 1646 1196 1711 chloreto
1208 1645 1329 1711 ferrico
1341 1645 1483 1731 speciem

353 1761 484 1822 mutent
506 1755 724 1838 (rhodccatc).
748 1753 875 1830 Soluta,
898 1752 1012 1818 addito
1031 1751 1265 1837 aulfohydratc
1287 1751 1482 1828 ammonico,

354 1863 498 1928 colorem
519 1859 650 1924 nullum
672 1860 810 1925 trahant
831 1860 897 1924 nisi
920 1859 1133 1938 subviridem‚
1154 1882 1237 1925 neve
1256 1859 1370 1926 addito
1388 1858 1483 1925 acido

355 1967 516 2035 aulfurico
538 1967 647 2032 diluto
670 1987 754 2032 nava
777 1967 910 2032 oxalate
932 1967 1118 2033 ammonico
1141 1967 1328 2032 turbentur.

401 2073 596 2144 Chloretnm
630 2074 861 2152 ammonicam,
904 2073 1024 2140 0010110
1058 2073 1165 2160 gradu
1202 2073 1282 2139 1000
1315 2075 1482 2150 siccatum,

356 2182 514 2269 ponderis
535 2204 578 2248 ne
601 2181 676 2268 plus
698 2203 799 2268 quam
821 2185 951 2267 partem
974 2181 1188 2248 centesimam
1214 2185 1232 2246 1
1256 2182 1402 2248 amittat.

537 2694 587 2792 -Ι-
620 2695 915 2792 0110101111
963 2695 1227 2790 terricum.

802 2871 1031 2959 00010100.

406 3034 572 3102 Pertunda
594 3034 630 3099 in
653 3033 826 3100 cucurbita
847 3033 958 3118 ampla

458 3149 520 3200 1111
539 3148 630 3200 Ferri
648 3147 758 3200 1011010
782 3149 917 3220 partes
943 3148 1098 3200 centum
1114 3186 1402 3202 ........
1431 3141 1488 3200 100

459 3245 796 3310 acidinydroonlorlal
816 3239 1002 3318 partibus
1023 3241 1251 3317 quingentis
1272 3240 1410 3316 viginti

499 3339 670 3416 quinque
679 3381 1403 3398 ...................
1430 3336 1488 3395 525

407 3453 542 3523 Calface
563 3454 645 3519 dum
665 3455 734 3519 iam
755 3475 818 3540 gaz
835 3453 964 3518 nullum
976 3455 1151 3520 emittatur
1161 3460 1196 3520 et
1206 3455 1369 3540 liquorem
1379 3453 1487 3519 adhuc

362 3563 506 3630 calidum
539 3582 599 3646 per
627 3560 753 3627 filtrum
775 3561 848 3627 noti
871 3561 1028 3646 ponderis
1051 3562 1150 3628 filtra.
1175 3562 1317 3627 Filtrum
1339 3565 1373 3626 et
1394 3560 1487 3625 filum

363 3669 445 3734 ferri
467 3689 535 3733 non
558 3669 707 3732 solutum
728 3689 815 3754 aqua
837 3667 944 3746 ablue,
968 3668 1064 3746 sicca,
1089 3669 1247 3753 pondera.

409 3776 471 3841 Per
493 3776 613 3856 soluta,
636 3776 678 3840 ad
702 3775 821 3840 0010110
843 3775 984 3861 gradum
1008 3778 1097 3840 50nm
1119 3774 1288 3853 calefacta,
1313 3795 1376 3861 gan
1398 3774 1488 3841 chlo·

364 3883 451 3948 rium
472 3881 673 3960 transmitte,
697 3881 777 3946 dum
800 3887 899 3968 gutta
917 3886 945 3959 1,
968 3903 1073 3968 aquae
1096 3880 1302 3947 centimetria
1321 3879 1446 3946 cubicis
1468 3883 1487 3945 5

364 3990 479 4066 diluta,
511 3989 627 4055 addito
657 3988 880 4075 farricyanetc
910 3989 1028 4067 kalico,
1063 4010 1132 4053 non
1167 3987 1310 4073 amplius
1343 3987 1488 4052 virescat

365 4097 420 4161 vel
441 4095 591 4162 00010100
612 4095 682 4161 fiat.
706 4095 884 4182 Liquorem
908 4095 946 4160 in
969 4095 1088 4162 balneo
1111 4116 1216 4181 aquae
1239 4116 1393 4180 evapora,
1409 4094 1489 4160 dum

365 4225 426 4290 pro
449 4202 530 4270 ferri
553 4203 654 4270 aolnti
677 4203 828 4288 partibus
851 4202 1000 4268 centenis
1012 4205 1107 4288 (100)
1119 4206 1232 4289 partes
1243 4201 1490 4288 quadringenae
