3544 5050
869 527 935 590 454

433 729 568 779 Gortlcia
598 727 798 778 cinnamomi
836 722 875 777 in
906 720 1105 796 pulverem
1138 719 1216 794 (Bw)
1237 715 1390 775 redacti

475 827 610 898 partes
635 820 806 896 quinque
815 860 1381 877 ...............
1449 816 1469 871 5

434 925 725 990 caryophyuorum
751 919 789 975 in
817 917 1018 994 pulverem
1038 914 1117 994 (Bw)
1138 915 1389 973 redactorum

476 1025 610 1094 partes
631 1017 802 1092 quinque
814 1057 1381 1074 ...............
1450 1011 1468 1066 5

336 1155 396 1220 per
418 1133 615 1198 commixtae

434 1246 576 1310 Spiritu·
596 1245 730 1316 partes
758 1236 950 1295 ducentas
978 1238 1271 1314 quinquaginta
1298 1282 1303 1294 .
1337 1280 1344 1294 .
1377 1279 1384 1293 .
1412 1233 1471 1290 250

337 1344 370 1403 et

436 1453 546 1514 Aquae
572 1450 708 1520 partes
736 1442 929 1501 ducentas
956 1443 1263 1519 quinquaginta.
1296 1487 1303 1500 .
1336 1486 1343 1499 .
1376 1484 1383 1499 .
1411 1439 1471 1496 250

383 1575 475 1656 Cela,
507 1577 664 1663 exprime,
697 1599 862 1664 expressa,
894 1576 951 1641 ubi
977 1576 1087 1662 liquor
1109 1575 1180 1640 dies
1204 1577 1224 1638 2
1247 1573 1320 1639 loco
1344 1572 1469 1659 frigido

337 1684 510 1771 quieverit,
533 1684 632 1749 filtra.

383 1792 552 1877 Morphini
574 1798 735 1878 quantum
758 1793 868 1877 liquor
890 1791 1070 1868 contineat,
1094 1787 1194 1854 modo
1216 1787 1306 1852 infre
1320 1787 1469 1852 indicato

337 1904 448 1964 statue
472 1904 514 1976 et,
543 1900 572 1963 ei
595 1920 678 1986 opus
702 1899 775 1975 erit,
800 1904 896 1964 tanta
917 1898 1106 1984 quantitate
1127 1897 1308 1962 mixtarum
1331 1895 1470 1982 spiritus

338 2011 372 2070 et
391 2027 496 2091 aquae
514 2005 656 2070 totidem
679 2006 824 2092 partium
846 2005 945 2084 dilue,
969 2010 1007 2069 ut
1029 2005 1138 2089 liquor
1160 2003 1328 2090 morphini
1340 2005 1469 2088 partem

337 2113 552 2177 centesimam
577 2116 593 2174 1
619 2113 799 2176 contineat.

382 2218 507 2304 Liquor
530 2219 669 2284 obscure
692 2219 890 2296 flavoruber‚
905 2219 1017 2285 oderis
1028 2218 1211 2297 aromatici,
1225 2217 1354 2304 saporis
1365 2216 1470 2280 amari

339 2331 372 2391 et
393 2326 578 2392 aromatici.
1458 2319 1461 2326 '

382 2433 560 2497 Tincturae
583 2432 661 2518 Opii
685 2439 837 2498 crueatae
859 2438 957 2520 gutta
981 2438 997 2496 1
1023 2453 1128 2518 aquae
1144 2432 1340 2498 centimetra
1351 2428 1469 2494 cubica

342 2543 427 2604 1000
450 2541 561 2604 colore
584 2539 673 2604 flavo
696 2563 764 2605 non
786 2540 889 2605 dubio
912 2539 1048 2604 inficiat.

384 2647 518 2710 Pondus
553 2647 742 2732 specificum
777 2649 873 2723 0,957
898 2646 940 2710 ed
964 2647 1073 2724 0967.
1109 2646 1268 2712 Tinctum
1286 2647 1470 2729 evaporata

339 2776 406 2818 non
429 2753 539 2817 minus
562 2775 661 2838 quam
685 2759 796 2839 partes
820 2754 1017 2819 centesimas
1041 2755 1094 2832 6‚5
1118 2753 1293 2838 relinquat.

383 2860 551 2945 Morphini
585 2864 748 2945 quantum
779 2859 940 2924 Tinctum
959 2859 1037 2946 Opii
1061 2864 1195 2925 crocata
1218 2859 1398 2934 contineat,
1421 2857 1470 2920 ita

338 2968 514 3032 statuitur:
539 2967 719 3030 Tincturae
739 2967 933 3051 grammatie
948 2970 999 3044 15,
1019 2966 1135 3032 addito
1147 2965 1338 3031 carbonatie
1350 2962 1471 3028 natrici

299 3093 300 3096 ’
338 3077 522 3158 grammate
537 3075 598 3150 1,5‚
612 3072 648 3136 in
660 3072 779 3137 balneo
791 3095 895 3158 equae
908 3073 950 3137 ad
962 3073 1217 3139 erassitudinem
1231 3072 1336 3158 eirupi
1348 3091 1469 3158 evapo-

338 3180 516 3256 retiacum
528 3178 730 3256 refrixerint,
744 3179 828 3243 adde
841 3202 945 3265 aquae
960 3181 1156 3246 centimetra
1168 3180 1284 3246 cubica
1294 3181 1345 3258 10;
1361 3178 1472 3262 liquor

339 3286 392 3350 fae
411 3285 551 3362 desidet,
565 3286 776 3372 morphinum
788 3286 925 3350 crudum
939 3293 1112 3364 secretum,
1122 3289 1157 3352 in
1169 3288 1294 3352 filtrum
1306 3283 1378 3350 noti
1389 3305 1471 3372 pon-

338 3392 427 3457 deris
450 3393 635 3468 eollectum,
659 3393 772 3480 parvis
783 3414 888 3478 equae
899 3395 1146 3479 quantitatibus
1157 3395 1230 3459 elue
1241 3394 1322 3458 dum
1332 3391 1472 3477 liquoris

337 3498 515 3564 defluentis
535 3504 634 3585 gutta
663 3500 1053 3585 lphenolphthaleinum
1076 3523 1145 3566 non
1167 3501 1310 3587 amplius
1333 3499 1460 3564 coloret

339 3606 493 3691 Liquoris
516 3628 615 3692 quam
639 3606 818 3692 plurimum
837 3629 971 3671 remove
990 3609 1164 3674 materiam
1183 3609 1319 3674 chartae
1338 3605 1471 3670 bibulae

339 3712 530 3798 impositam
553 3713 673 3778 leniter
695 3714 886 3800 premendo,
910 3714 1030 3780 deinde
1053 3715 1267 3802 morphinum
1287 3735 1363 3779 cum
1381 3712 1471 3776 filtro

339 3820 374 3882 in
408 3819 553 3884 frustula
586 3842 691 3905 parva
713 3821 857 3885 divisum
880 3822 915 3884 in
939 3822 1144 3887 cucurbitam
1167 3842 1305 3908 parvam
1327 3818 1472 3883 immitte

340 3932 373 3992 et
396 3926 481 3990 adde
504 3948 619 3991 reeens
643 3927 824 3992 mixtorum
848 3928 1001 4012 hydratis
1023 3929 1135 3994 calcici
1156 3933 1189 3993 et
1209 3949 1313 4014 aquae
1331 3926 1472 4011 (1:20)

340 4033 535 4096 centimetra
557 4032 672 4097 cubica
697 4037 716 4097 5
740 4038 773 4098 et
796 4055 900 4120 aquae
924 4038 1065 4113 tentum,
1089 4040 1128 4100 ut
1149 4039 1255 4099 totum
1275 4033 1407 4119 pondus
1426 4031 1472 4095 eit

339 4140 534 4224 grammatia
571 4142 666 4217 1535
697 4141 803 4204 maius
826 4163 926 4226 quam
948 4143 1079 4229 pondus
1101 4143 1183 4207 filtn'
1205 4139 1471 4223 cucurbitaeque.

340 4247 544 4330 Frequenter
579 4251 776 4318 convertens
812 4270 870 4334 per
904 4250 1003 4313 horae
1038 4252 1214 4335 3eepone,
1238 4245 1358 4312 deinde
1381 4244 1471 4308 filtra
