3530 5026
869 467 911 529 90

323 659 509 724 ammonico
541 653 627 724 ¹neve
662 659 847 744 phosphete
881 661 1009 725 natrice
1044 659 1215 739 turbatum
1246 662 1384 748 liquoris
1406 664 1454 728 ita

322 767 432 851 parati
461 767 657 832 centimetra
676 765 791 831 cubica
811 769 852 830 10
872 767 900 830 si
920 788 980 851 per
997 767 1128 831 acidum
1148 769 1454 853 hydrosuliuricum

322 873 416 938 zinco
438 873 587 950 liberate,
612 872 731 937 deinde
754 873 879 937 filtrata
898 878 1005 950 erunb,
1019 874 1070 951 iis,
1083 896 1167 960 quas
1179 874 1220 938 de
1232 875 1366 940 filtratis
1378 897 1453 940 cva-

322 980 449 1064 poratis
471 981 587 1044 relicta
606 985 713 1056 erunt,
734 978 947 1058 candefactis,
960 1002 1043 1066 quae
1055 987 1264 1066 supererunb,
1277 982 1453 1067 ponderari

322 1091 498 1174 nequeant.

368 1193 518 1259 Chloreti
541 1194 656 1260 zincici
675 1197 862 1279 grammata
882 1196 901 1256 2
921 1194 956 1258 in
976 1193 1113 1277 spiritus
1132 1193 1232 1258 diluti
1249 1194 1453 1258 centimebris

322 1299 445 1364 cubicis
477 1302 518 1363 10
548 1299 658 1364 soluta
679 1301 769 1364 clara
791 1300 859 1365 sini
881 1304 940 1364 aut
962 1299 1077 1364 addita
1098 1300 1184 1364 acidi
1207 1299 1452 1386 hydrochlorici

321 1406 421 1470 diluti
443 1410 542 1492 gutta
567 1408 582 1469 1
608 1407 801 1472 clarescant.

785 1651 988 1663 ψ..-

674 1831 1100 1929 Cblcrcicrmum.

387 2012 513 2076 Mixbae
537 2009 656 2093 oflois
680 2015 793 2097 paries
818 2014 860 2078 99
884 2012 927 2076 ad
951 2013 1027 2090 99,4
1049 2010 1219 2077 Alcoholis
1243 2012 1387 2077 absoluti

743 2123 839 2205 parte
865 2121 881 2180 1
907 2116 949 2181 ad
974 2118 1037 2194 0,6.

365 2262 489 2348 Liquor
512 2263 632 2328 coloris
655 2283 783 2347 expers,
808 2263 926 2338 clarus,
952 2260 1065 2325 odoris
1088 2261 1305 2346 penetrantis,
1319 2260 1449 2345 saporis

320 2369 498 2446 subdulcis,
523 2390 660 2454 prorsus
684 2368 840 2444 volatilis,
863 2366 918 2452 qui
938 2388 1006 2431 non
1017 2367 1116 2432 facilc
1128 2368 1326 2434 exardescit.
1349 2365 1448 2432 Chlo-

318 2474 504 2541 roformum
534 2498 595 2562 pro
625 2476 742 2562 quavis
773 2475 928 2561 portione
951 2475 1072 2559 spiritu
1095 2481 1129 2540 et
1152 2475 1286 2540 aethere
1310 2478 1343 2538 ct
1367 2473 1448 2538 oleis

319 2582 499 2668 pinguibus
534 2588 568 2647 et
602 2581 796 2647 volatilibus
830 2579 961 2645 misceri
996 2584 1116 2666 potest,
1148 2581 1184 2644 in
1214 2602 1300 2666 aqua
1330 2601 1447 2664 parum

316 2689 469 2755 solvitur.
490 2690 625 2755 Pondus
639 2689 829 2775 specificum
843 2689 940 2765 1,485
952 2687 995 2751 ad
1009 2689 1117 2766 1‚489.
1131 2685 1259 2753 Celeris
1270 2688 1377 2773 gradu
1390 2687 1448 2752 60ο

317 2794 359 2858 ad
384 2797 464 2860 62tun
488 2795 614 2862 ebullit.

361 2900 588 2967 Chloroformi
618 2907 671 2968 ber
701 2904 857 2987 deinceps
880 2923 955 2967 cum
984 2901 1071 2964 acidi
1092 2899 1244 2966 suiiurici
1266 2899 1446 2965 voluminis

316 3008 454 3073 dimidio
488 3010 702 3096 conquassati
732 3009 863 3094 pondus
897 3007 1085 3093 specificam
1111 3009 1209 3084 1,500
1232 3008 1360 3073 factum
1383 3007 1445 3085 sin

315 3112 587 3180 Ohloroformum
609 3117 658 3181 ita
679 3121 861 3181 tractatum
884 3115 1003 3180 caloris
1025 3113 1132 3198 gradu
1156 3114 1248 3192 61,3ο
1270 3113 1419 3182 ebulliat.

360 3219 596 3288 Chloroformo
637 3245 712 3288 cum
753 3222 840 3288 acidi
873 3220 1026 3288 sulfurici
1059 3220 1133 3307 peri
1165 3220 1334 3285 volumine
1369 3241 1446 3285 con·

315 3332 481 3413 quassate,
513 3330 604 3396 intra
626 3331 728 3395 horae
750 3328 896 3414 spatium
919 3332 1038 3394 neuter
1060 3328 1171 3414 liquor
1194 3349 1278 3393 neve
1301 3333 1445 3394 strabum
1490 3410 1492 3416 Ι

314 3434 443 3500 confine
467 3436 644 3502 coloretur.

359 3541 586 3608 Chloroformi
610 3544 816 3610 centimetris
839 3544 964 3609 cubicis
989 3547 1008 3608 5
1031 3565 1106 3609 cum
1122 3543 1445 3630 aquaecenbimeiris

313 3648 438 3714 cubicis
469 3653 498 3726 5,
525 3651 644 3736 quibus
667 3652 803 3717 nitratis
826 3653 990 3737 argenbici
1013 3657 1129 3738 gutiae
1154 3655 1174 3716 3
1198 3653 1332 3718 additae
1355 3655 1443 3728 suut,

315 3756 554 3842 conquassatis,
579 3765 718 3844 uterque
743 3758 853 3844 liquor
875 3759 985 3826 clarus
1008 3760 1063 3824 sib.

359 3861 587 3929 Chloroformi
611 3866 815 3932 centimetris
839 3867 963 3932 cubicis
988 3871 1098 3932 5cum
1121 3866 1444 3954 aquaecenbimetris

313 3971 438 4035 cubicis
480 3975 499 4036 5
539 3973 779 4058 conquassatis,
822 3996 909 4060 aqua
942 3975 1122 4040 reactionis
1155 3974 1269 4039 acidae
1303 3995 1345 4037 ne
1380 3973 1441 4055 sit3

313 4076 429 4140 addiic
451 4077 566 4143 iodeto
588 4079 699 4145 kalico
722 4085 755 4165 (1
772 4107 805 4142 =
821 4084 886 4166 10),
911 4081 1128 4147 chloroformi
1144 4086 1287 4146 stratum
1299 4079 1443 4144 colorem

311 4184 497 4248 violaceum
519 4207 561 4250 ne
584 4188 707 4253 trahat.
