3530 5026
850 477 912 540 102

311 692 353 735 ne
371 671 440 736 sint
459 671 534 755 plus
544 691 642 756 quem
655 671 887 736 centimetrum
900 670 1092 737 cubicorum
1107 673 1180 736 100.
1204 671 1246 735 In
1257 672 1299 736 iis
1311 674 1441 738 ecidum

312 800 380 843 non
402 778 616 843 coniunctum
639 799 699 862 per
727 778 824 843 elceli
846 777 1078 856 decinormole‚
1109 778 1293 844 iudicatorc
1315 780 1442 846 haeme-

313 885 457 970 toxylini
479 885 587 969 guttis
609 886 788 963 nonnullis,
812 886 994 951 retrotitre.
1027 885 1188 950 Turbntio
1209 907 1342 972 quoque
1365 908 1442 952 con-

312 997 406 1058 stans
428 991 527 1055 finem
549 992 728 1057 reectionis
750 993 886 1058 indicet.
912 993 1009 1071 Quod
1032 997 1071 1056 ut
1093 992 1161 1070 fiet,
1185 1014 1227 1056 ne
1251 994 1443 1080 plusquam

313 1099 509 1165 centimetre
532 1098 647 1164 cubico
672 1101 713 1164 10
737 1100 959 1185 requirantur.
999 1099 1096 1164 Acidi
1115 1100 1347 1166 decinormslis
1367 1123 1444 1166 con-

312 1207 418 1272 iuncti
449 1206 645 1271 centimetre
675 1207 790 1272 cubico
804 1207 948 1294 singule
970 1206 1226 1272 elcoloideorum
1249 1207 1443 1292 milligrem·

313 1317 404 1378 mete
427 1315 470 1378 30
492 1312 652 1378 indicent.

358 1417 484 1486 Cortex
518 1417 645 1484 Chinse
674 1420 950 1486 chinstonuetum
983 1442 1025 1485 ue
1058 1421 1169 1486 minus
1199 1443 1298 1506 quem
1323 1413 1444 1506 'peries

311 1526 508 1592 centesimos
540 1529 559 1591 9
585 1527 764 1593 continent.
790 1525 1075 1592 Chinnteunotum
1098 1533 1259 1612 quantum
1283 1528 1364 1592 insit
1385 1528 1444 1606 ite,

313 1633 490 1698 statuitur:
516 1633 647 1699 Monere
666 1655 726 1719 per
743 1635 843 1698 horas
864 1636 906 1696 24
922 1632 1114 1718 frequenter
1125 1655 1349 1719 conquassans
1363 1632 1444 1699 Cor-

313 1740 388 1804 ticis
408 1737 532 1804 Chione
552 1739 700 1825 pulveris
719 1740 808 1824 (ΒΜ)
827 1743 1015 1826 gremmete
1035 1742 1076 1803 10
1097 1762 1155 1825 per
1170 1741 1276 1806 mixte
1287 1741 1373 1805 scidi
1385 1742 1444 1826 hy-

313 1845 513 1911 droohlorici
525 1846 624 1911 diluti
635 1846 954 1912 centimetrncubice
966 1849 985 1910 5
998 1867 1101 1931 equos
1109 1847 1314 1912 centimetn's
1322 1847 1445 1913 cubicis

315 1954 367 2018 75.
400 1950 524 2030 Filtrn;
556 1952 755 2018 filtretorum
779 1953 985 2018 centimetris
1007 1953 1131 2018 cubicis
1154 1956 1197 2018 40
1220 1956 1273 2038 (z
1301 1951 1445 2020 Corticis

316 2057 444 2125 Ohinae
467 2059 614 2144 pulveris
636 2061 830 2144 grcmmetis
855 2061 890 2141 5)
911 2061 946 2124 in
966 2060 1090 2145 petella
1109 2060 1181 2126 noti
1192 2061 1348 2146 ponderis
1360 2060 1444 2125 udde

313 2166 452 2232 nectutis
483 2166 584 2231 kolici
613 2173 798 2252 grammate
823 2171 852 2244 2,
876 2188 960 2253 quae
983 2167 1116 2253 agitans
1137 2167 1173 2232 in
1196 2166 1317 2232 balneo
1339 2190 1443 2253 equae

314 2294 458 2357 evapore
476 2272 519 2336 ed
538 2279 724 2358 grammate
744 2277 795 2338 10.
820 2273 996 2360 Liquorem
1014 2273 1249 2360 refrigeratum
1268 2274 1304 2338 in
1319 2275 1443 2339 filtrum

313 2400 399 2464 eque
422 2379 644 2446 madefactum
668 2379 815 2457 effunde3
836 2402 920 2466 quee
933 2380 1444 2467 inpetellssupcrerunt,squec

314 2486 518 2552 centimetris
537 2487 661 2553 cubicis
675 2489 694 2550 2
706 2487 820 2565 eblue;
834 2487 896 2552 hec
907 2509 1037 2574 quoque
1050 2510 1136 2574 equo
1146 2489 1182 2552 in
1193 2488 1318 2553 filtrum
1331 2487 1443 2564 effimn,

314 2614 397 2678 quoe
427 2593 463 2656 in
494 2593 583 2658 filtro
606 2599 814 2679 supererunt,
838 2593 923 2657 udde
946 2595 997 2672 iis,
1021 2617 1105 2681 quse
1128 2595 1163 2658 in
1187 2594 1310 2680 putelle
1329 2598 1443 2671 erunt;

313 2699 349 2763 in
373 2699 490 2764 balneo
514 2722 618 2785 eques
641 2700 774 2784 agitans
796 2701 882 2766 sicce
905 2707 939 2766 et
961 2701 1161 2788 refrigerate
1183 2702 1219 2767 in
1242 2702 1444 2767 exsiccatore

315 2805 471 2890 pondere.
500 2804 785 2872 Chiuotsunotum
806 2807 855 2873 its
874 2813 1067 2893 paratorum
1083 2809 1214 2894 pondus
1225 2830 1267 2872 ne
1279 2808 1324 2873 sit
1335 2807 1444 2872 minus

313 2932 412 2996 quem
436 2910 741 2997 milligremmetum
765 2917 840 2979 450.

772 3191 973 3199 ——-—-——=

514 3408 565 3506 ÷
604 3409 788 3507 Cortex
823 3410 1153 3507 cinnamomi.

362 3607 615 3692 Endophlocum
652 3607 795 3692 corticis
840 3628 1009 3670 ramorum
1055 3607 1243 3692 pleutorum
1278 3606 1443 3670 cultorum

317 3711 590 3779 Cinnomomi
622 3712 850 3798 zoylenici,
882 3711 987 3790 Nuus,
1009 3713 1046 3775 in
1070 3713 1186 3776 WALL.
1213 3712 1259 3776 Pl.
1285 3713 1341 3776 As.
1367 3711 1442 3775 Rer.

316 3819 363 3884 II.
389 3818 537 3885 74:111.
563 3822 616 3884 32.

361 3977 515 4064 Cylindri
554 3979 798 4065 quodammodo
831 3979 1021 4065 compressi,
1053 3979 1096 4042 ad
1130 3984 1273 4043 metrum
1299 3983 1315 4042 1
1340 3977 1441 4063 longi,

316 4085 419 4152 cressi
459 4086 692 4152 centimetrum
736 4091 766 4168 1,
801 4090 994 4152 constantes
1027 4085 1213 4151 coniunctis
1247 4083 1444 4169 cndophloei

315 4193 433 4259 stratis
457 4197 476 4257 8
500 4193 543 4258 ed
565 4196 615 4272 10,
629 4194 805 4279 praecipue
816 4195 851 4258 in
863 4198 1005 4279 utroque
1017 4193 1168 4278 margine
1179 4197 1252 4256 crte
1263 4190 1443 4258 convoluti.
