3544 5050
858 534 922 598 427

321 733 453 794 tantum
482 729 609 813 (partes
640 726 712 792 fere
741 731 891 812 centum)
921 733 1047 813 quanto
1078 750 1162 814 opus
1186 751 1258 793 esse
1282 731 1455 815 apparebit

321 836 364 901 ad
386 837 543 901 albumen
566 835 864 920 praecipitandum.

365 943 473 1007 Mixta
495 941 630 1020 calface,
663 941 773 1007 calore
796 943 938 1026 gradum
963 946 1043 1008 50¹¹¹¹¹
1067 965 1136 1007 non
1159 949 1347 1028 superante,
1373 945 1453 1009 dum

321 1050 576 1135 praecipitatum
595 1050 782 1126 cohaereat,
802 1070 868 1135 quo
884 1048 977 1115 facto
989 1050 1247 1135 praecipitatum
1259 1050 1295 1115 in
1308 1073 1453 1136 pannum

320 1156 495 1222 collectum
519 1157 592 1222 elue

418 1271 529 1333 Aquae
550 1265 738 1341 partibus
759 1270 912 1321 centum
940 1309 1349 1327 ...........
1400 1266 1456 1322 100

321 1368 354 1427 et
385 1368 564 1448 postquam
593 1361 731 1448 liquoris
762 1384 861 1448 quam
893 1362 1072 1447 plurimum
1107 1363 1294 1442 defluxerit,
1320 1363 1457 1428 fortiter

319 1468 476 1555 exprime.
502 1469 669 1554 Expressa
690 1469 726 1532 in
749 1469 894 1534 frustula
917 1469 1039 1548 divide,
1064 1492 1157 1556 quae,
1181 1470 1290 1535 calore
1312 1471 1454 1555 gradum

324 1577 405 1640 4⁵0¹ssn
435 1598 504 1640 non
530 1581 719 1661 superante,
743 1576 866 1641 siccata
889 1577 924 1639 in
948 1577 1119 1662 pulverem
1143 1577 1223 1663 (B40)
1246 1577 1452 1662 redigantur.

321 1683 493 1748 Pulverem
528 1683 564 1746 in
598 1686 705 1748 strata
739 1683 854 1748 tenuia
888 1687 1061 1748 extentum
1085 1705 1144 1768 per
1166 1684 1266 1748 horas
1291 1686 1310 1748 6
1334 1683 1454 1748 caloris

320 1789 428 1874 gradu
454 1789 533 1853 110⁰
555 1789 598 1854 ad
624 1793 724 1854 115¹=¹⁰
749 1789 884 1855 caliace.

364 1896 477 1961 Pulvis
508 1895 697 1973 subfuscua,
729 1895 842 1961 odoris
865 1901 899 1961 et
922 1897 1052 1982 saporis
1075 1918 1204 1982 expers,
1228 1897 1286 1982 qui
1309 1897 1345 1960 in
1368 1919 1454 1983 aqua

319 2008 353 2068 et
376 2003 411 2066 in
434 2003 556 2088 spiritu
579 2002 651 2068 lere
673 2025 742 2068 non
766 2004 919 2068 solvitur.

361 2109 665 2175 Tannalbuminum
689 2108 887 2176 calefactum
910 2109 1118 2176 comburitur
1141 2130 1302 2194 spargens
1314 2110 1451 2176 odorem

318 2216 498 2281 albuminis
521 2216 671 2281 ardentis
693 2217 877 2303 proprium.

361 2323 477 2410 Aquae
511 2323 746 2388 centimetrum
780 2323 972 2388 cubicorum
1009 2326 1049 2387 10
1084 2345 1159 2388 cum
1194 2323 1451 2388 Tannalbumiui

317 2435 503 2514 grammate
528 2435 544 2493 1
570 2451 629 2515 per
640 2431 742 2495 horae
754 2435 883 2515 partem
895 2430 1126 2495 duodecimam
1153 2435 1451 2516 conquassatorum

317 2537 450 2612 filtrata,
475 2536 590 2602 addito
613 2537 762 2602 chloreto
785 2536 917 2615 ferrico,
943 2558 960 2600 e
983 2537 1134 2602 caeruleo
1154 2537 1251 2621 nigra
1269 2537 1364 2601 fiunt.

360 2644 618 2710 Tannalbumiui
649 2650 835 2731 grammate
861 2649 876 2707 1
903 2666 1008 2730 aquae
1031 2643 1235 2708 centimetris
1259 2643 1384 2708 cubicis
1409 2646 1450 2707 50

317 2749 441 2816 detrito
480 2755 522 2829 et,
565 2750 689 2815 additis
723 2751 854 2836 pepsini
888 2750 1170 2835 milligrammatis
1205 2752 1270 2814 200
1305 2755 1338 2815 et
1365 2750 1452 2816 acidi

317 2855 563 2943 hydrochlorici
586 2857 685 2922 diluti
707 2857 897 2922 centimetri
920 2857 1027 2922 cubici
1047 2857 1200 2942 partibus
1215 2857 1324 2922 tribus
1340 2858 1450 2937 (0,75),

318 2984 376 3049 per
410 2965 510 3028 horas
541 2967 571 3043 3,
602 2964 735 3030 assidue
758 2968 925 3049 quassato,
950 2963 1070 3028 caloris
1093 2963 1200 3048 gradu
1223 2965 1282 3028 40⁰
1308 2963 1449 3050 digesto,

315 3070 446 3155 pondus
469 3071 575 3156 partis
598 3093 665 3135 non
690 3071 828 3148 solutae,
840 3071 877 3134 in
888 3070 1015 3135 filtrum
1027 3071 1100 3135 noti
1112 3070 1270 3156 ponderis
1282 3070 1450 3149 collectae,

316 3181 367 3241 ter
399 3198 504 3263 aquae
538 3176 744 3242 centimetris
779 3177 904 3242 cubicis
938 3177 1034 3241 denis
1067 3179 1140 3262 (10)
1175 3178 1294 3255 elutae,
1330 3177 1450 3242 caloris

314 3284 422 3368 gradu
436 3285 515 3348 1000
527 3285 678 3363 siccatae,
692 3307 761 3350 non
772 3284 883 3348 minus
895 3283 939 3350 sit
947 3305 1047 3371 quam
1056 3285 1364 3368 milligrammatum
1374 3285 1449 3348 600.

359 3390 618 3456 Tannalbumiui
629 3395 816 3476 grammate
830 3396 846 3454 l
861 3391 962 3456 modo
974 3392 1141 3476 descripto
1157 3391 1288 3476 digesto
1300 3394 1335 3454 et
1346 3390 1448 3468 eluto,

314 3497 429 3563 addito
452 3498 644 3563 carbonatis
666 3497 787 3563 natrici
809 3504 996 3583 grammate
1013 3497 1113 3574 l,5in
1125 3518 1231 3583 aquae
1242 3497 1450 3563 centimetris

315 3605 440 3670 cubicis
473 3607 536 3669 100
567 3604 687 3682 soluto,
718 3626 777 3690 per
803 3606 904 3670 horas
928 3609 948 3670 3
971 3604 1091 3671 caloris
1114 3604 1221 3690 gradu
1245 3606 1304 3668 40⁰
1327 3603 1448 3669 iterum

314 3709 454 3794 digesto
464 3710 596 3795 pondus
607 3711 713 3796 partis
725 3733 793 3776 non
806 3713 944 3790 solutae,
955 3712 988 3776 in
997 3711 1124 3776 filtrum
1131 3711 1204 3777 noti
1216 3711 1374 3796 ponderis
1382 3711 1448 3776 col-

314 3817 428 3894 lectae,
453 3823 507 3882 ter
524 3839 630 3902 aquae
649 3818 854 3884 centimetris
866 3819 991 3884 cubicis
1003 3817 1099 3883 denis
1111 3820 1184 3902 (10)
1196 3818 1314 3894 elutae,
1327 3817 1448 3883 caloris

315 3923 421 4007 gradu
446 3925 525 3988 100⁰
547 3924 699 4001 siccatae,
724 3947 767 3989 ne
790 3924 865 4010 plus
876 3925 921 3989 sit
938 3946 1038 4010 quam
1050 3925 1358 4012 milligrammatum
1372 3925 1447 3988 350.

358 4029 664 4094 Tannalbuminum
688 4032 900 4097 combustum
923 4031 1044 4096 cineris
1063 4054 1105 4096 ne
1118 4032 1304 4117 plusquam
1317 4035 1448 4114 partem

315 4135 529 4200 centesimam
554 4139 570 4200 1
595 4136 773 4222 relinquat.
