3452 5048
832 525 873 588 65

283 722 487 787 ammonicus
522 721 634 786 calore
669 718 838 783 evanescit
872 739 933 782 nac
968 723 1081 783 tamen
1115 723 1215 784 antee
1244 720 1415 806 liquescit3

281 828 405 892 additis
426 849 534 914 equae
557 825 709 912 pertibus
733 829 752 890 5
776 823 939 910 liquorem
962 824 1088 889 clarum
1111 825 1258 910 praebet.

326 933 494 1000 Carbones
515 933 723 998 ammonicus
744 931 780 996 in
802 953 890 1018 aque
912 930 1043 996 solutus
1062 931 1222 997 elcalinae
1237 933 1415 1000 reactionis

280 1047 350 1121 ost3
374 1041 497 1107 additis
520 1041 633 1119 acidis,
657 1039 842 1124 dioxydum
865 1038 1078 1104 carbonicum
1101 1040 1235 1105 emittit.

326 1148 523 1214 Carbonatis
544 1147 720 1213 ammonici
741 1147 778 1210 in
795 1167 883 1232 aque
904 1145 1059 1230 (1:20)
1081 1146 1193 1224 soluti,
1206 1169 1266 1233 per
1283 1148 1414 1214 acidum

278 1255 477 1320 sulfuricum
495 1254 639 1319 dilutum
651 1252 737 1318 acidi
753 1251 845 1330 iacti,
858 1252 1056 1317 centimetre
1067 1252 1182 1318 cubica
1196 1257 1247 1332 10,
1260 1275 1414 1340 perman-

278 1361 413 1447 ganatis
431 1361 533 1426 kalici
551 1363 585 1446 (1
600 1386 634 1420 =
650 1361 750 1444 1000)
767 1363 867 1445 gutta
880 1363 897 1422 1
910 1359 1016 1423 mixte
1027 1381 1069 1423 ne
1080 1359 1314 1426 decolorantur
1324 1361 1415 1426 intre

278 1470 382 1534 horae
403 1473 534 1554 partem
557 1472 709 1555 quartam
732 1468 1016 1553 (empyrcumctc).
1048 1466 1175 1546 Solute,
1201 1489 1261 1553 per
1282 1468 1414 1534 acidum

278 1575 572 1660 hymochloricum
593 1573 688 1639 acida
710 1573 810 1652 fecta,
833 1595 876 1638 ne
898 1573 1012 1638 addito
1035 1573 1413 1660 ecidohydrosuliurico

279 1703 365 1746 nava
388 1683 513 1748 nitrate
536 1682 688 1768 berytico
711 1703 796 1746 nava
818 1679 967 1746 chloreto
986 1679 1413 1768 ferrico(rbcdaaetc)spe·

278 1789 363 1854 ciem
385 1793 527 1854 mutent.

325 1894 494 1962 Carbones
515 1895 721 1960 ammonicus
742 1895 778 1960 in
800 1916 887 1980 aqua
905 1895 1045 1978 (1:50)
1059 1894 1200 1973 solutus,
1211 1917 1271 1982 per
1280 1896 1412 1962 acidum

278 2003 434 2067 uitricum
445 2002 562 2068 acidus
575 2002 694 2081 factus,
707 2001 823 2066 addito
833 2002 957 2067 nitrate
969 2001 1151 2087 argentico,
1163 2003 1284 2068 coloris
1295 2024 1413 2088 expers

276 2109 468 2194 (tbioadfae
485 2110 704 2192 ammonicus)
723 2115 757 2175 et
774 2131 835 2195 per
853 2109 954 2174 horae
970 2114 1099 2194 partem
1110 2131 1178 2174 non
1190 2111 1300 2175 minus
1312 2133 1411 2195 quam

276 2216 507 2282 duodecimam
530 2216 640 2281 clanis
662 2216 717 2282 sit.

744 2529 946 2540 —t———o--n-u·

297 2780 347 2878 -Ι-
380 2783 652 2880 Carbones
686 2784 1041 2879 bismutticus
1077 2786 1308 2882 testeus.

323 2961 435 3026 Pulvis
468 2961 566 3027 albus
591 2961 653 3026 ‘vel
680 2961 911 3040 flavidoelbus,
935 2963 1048 3028 odonia
1071 2966 1107 3027 et
1129 2965 1258 3048 saporis
1280 2986 1408 3050 expers,

277 3068 336 3154 qui
370 3067 561 3144 calefactue,
595 3068 744 3154 oxydum
778 3069 1016 3135 bismuthicum
1049 3068 1174 3134 flavum
1208 3071 1408 3158 relinquens,

278 3197 399 3261 aquam
429 3180 464 3240 et
494 3174 677 3260 dioxydum
706 3176 918 3242 carbonicum
941 3176 1077 3241 emittit.
1103 3174 1275 3244 Carbones
1287 3177 1410 3243 biamu-

278 3280 389 3346 thicus
412 3279 544 3346 basinus
566 3281 601 3345 in
623 3303 711 3366 equa
733 3303 802 3347 non
824 3282 974 3348 solvitur.

323 3387 525 3454 Carbonatis
554 3387 747 3454 bismuthici
775 3387 879 3452 besici
908 3409 1059 3473 mamma
1089 3389 1165 3453 lin
1187 3388 1274 3454 acidi
1297 3389 1411 3455 uitrici

275 3495 482 3560 centimetris
490 3493 613 3560 cubicis
630 3498 660 3572 5,
669 3492 853 3578 dioxydum
865 3493 1248 3572 carbonicumemittens,
1258 3496 1410 3561 solvatur

275 3601 310 3666 in
332 3601 496 3687 liquorem
518 3602 653 3678 clarum,
677 3600 798 3666 coloris
821 3606 1002 3685 expertam.
1041 3601 1195 3686 Liquoris
1217 3601 1267 3667 ita
1288 3604 1407 3688 parati,

276 3730 382 3794 equae
405 3708 609 3773 centimetria
632 3707 757 3772 cubicis
781 3710 822 3772 25
846 3706 954 3785 diluti,
979 3707 1176 3772 centimetra
1198 3707 1313 3772 cubica
1333 3712 1407 3773 5ne

275 3814 392 3879 addito
421 3815 546 3878 nitrate
576 3813 729 3900 berytico
759 3835 844 3877 neve
867 3813 992 3879 nitrate
1014 3814 1186 3898 argentico
1212 3812 1405 3893 turbentur3

276 3921 424 3986 ciusdem
443 3920 581 4005 liquoris
603 3921 837 3987 centimetrum
848 3919 1039 3985 cubicorum
1054 3924 1094 3984 15
1106 3921 1291 3985 ammoniae
1303 3921 1407 3986 centi-

278 4028 392 4093 metris
422 4026 547 4092 cubicis
578 4029 597 4092 6
628 4027 810 4092 mixtorum
840 4027 967 4091 filtrata
995 4027 1116 4094 coloris
1146 4029 1297 4113 expertia
1319 4029 1404 4107 sint3

277 4155 360 4218 quae
388 4133 431 4198 da
460 4133 595 4198 filtratis
624 4135 824 4219 evaporatio,
856 4132 1071 4212 candefactis,
1091 4138 1300 4219 superarunt,
1325 4156 1405 4219 pon·

277 4241 385 4304 deteri
408 4249 567 4325 nequent.

1323 4396 1338 4449 7
