<?xml version="1.0" encoding="UTF-8"?>
<!DOCTYPE html PUBLIC "-//W3C//DTD XHTML 1.0 Transitional//EN"
    "http://www.w3.org/TR/xhtml1/DTD/xhtml1-transitional.dtd">
<html xmlns="http://www.w3.org/1999/xhtml" xml:lang="en" lang="en">
 <head>
  <title>
</title>
<meta http-equiv="Content-Type" content="text/html;charset=utf-8" />
  <meta name='ocr-system' content='tesseract 3.04.00' />
  <meta name='ocr-capabilities' content='ocr_page ocr_carea ocr_par ocr_line ocrx_word'/>
</head>
<body>
  <div class='ocr_page' id='page_1' title='image "./pharmocopoeaned00zakegoog_0179.png"; bbox 0 0 3530 5026; ppageno 0'>
   <div class='ocr_carea' id='block_1_1' title="bbox 886 534 954 596">
    <p class='ocr_par' dir='ltr' id='par_1_1' title="bbox 886 534 954 596">
     <span class='ocr_line' id='line_1_1' title="bbox 886 534 954 596; baseline 0.015 -1"><span class='ocrx_word' id='word_1_1' title='bbox 886 534 954 596; x_wconf 74' lang='lat'>148·</span> 
     </span>
    </p>
   </div>
   <div class='ocr_carea' id='block_1_2' title="bbox 406 709 1220 825">
    <p class='ocr_par' dir='ltr' id='par_1_2' title="bbox 406 709 1220 825">
     <span class='ocr_line' id='line_1_2' title="bbox 406 709 1220 825; baseline -0.004 0"><span class='ocrx_word' id='word_1_2' title='bbox 406 709 408 714; x_wconf 35' lang='lat'>⁵</span> <span class='ocrx_word' id='word_1_3' title='bbox 529 727 579 825; x_wconf 94' lang='lat' dir='ltr'><strong>·l·</strong></span> <span class='ocrx_word' id='word_1_4' title='bbox 613 730 926 824; x_wconf 70' lang='lat' dir='ltr'><strong>[altarium</strong></span> <span class='ocrx_word' id='word_1_5' title='bbox 976 728 1220 823; x_wconf 74' lang='lat' dir='ltr'><strong>Tritolii.</strong></span> 
     </span>
    </p>
   </div>
   <div class='ocr_carea' id='block_1_3' title="bbox 395 908 886 1073">
    <p class='ocr_par' dir='ltr' id='par_1_3' title="bbox 395 908 886 1073">
     <span class='ocr_line' id='line_1_3' title="bbox 395 908 522 973; baseline 0 -1"><span class='ocrx_word' id='word_1_6' title='bbox 395 908 481 973; x_wconf 88' lang='lat' dir='ltr'><strong>Para</strong></span> <span class='ocrx_word' id='word_1_7' title='bbox 503 929 522 972; x_wconf 92' lang='lat' dir='ltr'><strong>e</strong></span> 
     </span>
     <span class='ocr_line' id='line_1_4' title="bbox 446 1015 886 1073; baseline 0.005 -2"><span class='ocrx_word' id='word_1_8' title='bbox 446 1020 545 1072; x_wconf 73' lang='lat' dir='ltr'><strong>Foliis</strong></span> <span class='ocrx_word' id='word_1_9' title='bbox 565 1020 689 1072; x_wconf 73' lang='lat' dir='ltr'><strong>Tritolii</strong></span> <span class='ocrx_word' id='word_1_10' title='bbox 710 1015 886 1073; x_wconf 79' lang='lat' dir='ltr'><strong>concisis</strong></span> 
     </span>
    </p>
   </div>
   <div class='ocr_carea' id='block_1_4' title="bbox 349 1111 1482 1626">
    <p class='ocr_par' dir='ltr' id='par_1_4' title="bbox 349 1111 1479 1305">
     <span class='ocr_line' id='line_1_5' title="bbox 349 1111 1479 1199; baseline 0.001 -22"><span class='ocrx_word' id='word_1_11' title='bbox 349 1116 536 1178; x_wconf 80' lang='lat' dir='ltr'><strong>extractum</strong></span> <span class='ocrx_word' id='word_1_12' title='bbox 569 1113 722 1197; x_wconf 86' lang='lat' dir='ltr'><strong>spissum,</strong></span> <span class='ocrx_word' id='word_1_13' title='bbox 758 1134 824 1199; x_wconf 93' lang='lat' dir='ltr'><strong>quo</strong></span> <span class='ocrx_word' id='word_1_14' title='bbox 859 1114 958 1178; x_wconf 91' lang='lat' dir='ltr'><strong>modo</strong></span> <span class='ocrx_word' id='word_1_15' title='bbox 983 1113 1145 1178; x_wconf 82' lang='lat' dir='ltr'><strong>Extraeto</strong></span> <span class='ocrx_word' id='word_1_16' title='bbox 1168 1111 1293 1178; x_wconf 86' lang='lat' dir='ltr'><strong>Oardui</strong></span> <span class='ocrx_word' id='word_1_17' title='bbox 1316 1112 1479 1178; x_wconf 84' lang='lat' dir='ltr'><strong>benedieti</strong></span> 
     </span>
     <span class='ocr_line' id='line_1_6' title="bbox 351 1220 677 1305; baseline 0.009 -22"><span class='ocrx_word' id='word_1_18' title='bbox 351 1220 592 1305; x_wconf 82' lang='lat' dir='ltr'><strong>praescriptum</strong></span> <span class='ocrx_word' id='word_1_19' title='bbox 616 1223 677 1287; x_wconf 83' lang='lat' dir='ltr'><strong>est.</strong></span> 
     </span>
    </p>

    <p class='ocr_par' dir='ltr' id='par_1_5' title="bbox 350 1325 1482 1626">
     <span class='ocr_line' id='line_1_7' title="bbox 396 1325 1482 1416; baseline -0.002 -26"><span class='ocrx_word' id='word_1_20' title='bbox 396 1327 592 1393; x_wconf 76' lang='lat' dir='ltr'><strong>Extractum</strong></span> <span class='ocrx_word' id='word_1_21' title='bbox 634 1325 775 1404; x_wconf 71' lang='lat' dir='ltr'><strong>Tritolii,</strong></span> <span class='ocrx_word' id='word_1_22' title='bbox 817 1327 932 1391; x_wconf 84' lang='lat' dir='ltr'><strong>addita</strong></span> <span class='ocrx_word' id='word_1_23' title='bbox 973 1349 1059 1416; x_wconf 87' lang='lat' dir='ltr'><strong>aqua</strong></span> <span class='ocrx_word' id='word_1_24' title='bbox 1106 1328 1278 1411; x_wconf 87' lang='lat'>(1:10),</span> <span class='ocrx_word' id='word_1_25' title='bbox 1320 1327 1482 1412; x_wconf 87' lang='lat' dir='ltr'><strong>liquorem</strong></span> 
     </span>
     <span class='ocr_line' id='line_1_8' title="bbox 351 1432 1482 1519; baseline -0.001 -22"><span class='ocrx_word' id='word_1_26' title='bbox 351 1432 489 1518; x_wconf 88' lang='lat' dir='ltr'><strong>praebet</strong></span> <span class='ocrx_word' id='word_1_27' title='bbox 509 1432 580 1497; x_wconf 83' lang='lat' dir='ltr'><strong>iere</strong></span> <span class='ocrx_word' id='word_1_28' title='bbox 602 1433 738 1510; x_wconf 84' lang='lat' dir='ltr'><strong>clarum,</strong></span> <span class='ocrx_word' id='word_1_29' title='bbox 763 1432 963 1518; x_wconf 76' lang='lat' dir='ltr'><strong>periuseum</strong></span> <span class='ocrx_word' id='word_1_30' title='bbox 988 1433 1117 1519; x_wconf 89' lang='lat' dir='ltr'><strong>saporis</strong></span> <span class='ocrx_word' id='word_1_31' title='bbox 1140 1433 1255 1510; x_wconf 86' lang='lat' dir='ltr'><strong>amari,</strong></span> <span class='ocrx_word' id='word_1_32' title='bbox 1279 1434 1345 1518; x_wconf 91' lang='lat' dir='ltr'><strong>qui,</strong></span> <span class='ocrx_word' id='word_1_33' title='bbox 1366 1433 1482 1497; x_wconf 89' lang='lat' dir='ltr'><strong>addito</strong></span> 
     </span>
     <span class='ocr_line' id='line_1_9' title="bbox 350 1539 1242 1626; baseline -0.001 -21"><span class='ocrx_word' id='word_1_34' title='bbox 350 1540 490 1624; x_wconf 87' lang='lat' dir='ltr'><strong>spiritus</strong></span> <span class='ocrx_word' id='word_1_35' title='bbox 514 1540 586 1625; x_wconf 90' lang='lat' dir='ltr'><strong>pari</strong></span> <span class='ocrx_word' id='word_1_36' title='bbox 608 1540 786 1619; x_wconf 87' lang='lat' dir='ltr'><strong>volumine,</strong></span> <span class='ocrx_word' id='word_1_37' title='bbox 810 1540 1054 1626; x_wconf 87' lang='lat' dir='ltr'><strong>quodammodo</strong></span> <span class='ocrx_word' id='word_1_38' title='bbox 1078 1539 1242 1606; x_wconf 85' lang='lat' dir='ltr'><strong>turbatur.</strong></span> 
     </span>
    </p>
   </div>
   <div class='ocr_carea' id='block_1_5' title="bbox 486 2002 1270 2101">
    <p class='ocr_par' dir='ltr' id='par_1_6' title="bbox 486 2002 1270 2101">
     <span class='ocr_line' id='line_1_10' title="bbox 486 2002 1270 2101; baseline -0.004 0"><span class='ocrx_word' id='word_1_39' title='bbox 486 2002 536 2101; x_wconf 88' lang='lat'>÷</span> <span class='ocrx_word' id='word_1_40' title='bbox 570 2005 883 2100; x_wconf 75' lang='lat' dir='ltr'><strong>[altarium</strong></span> <span class='ocrx_word' id='word_1_41' title='bbox 917 2005 1270 2098; x_wconf 75' lang='lat' dir='ltr'><strong>valerianae.</strong></span> 
     </span>
    </p>
   </div>
   <div class='ocr_carea' id='block_1_6' title="bbox 398 2224 1487 2508">
    <p class='ocr_par' dir='ltr' id='par_1_7' title="bbox 398 2224 1487 2508">
     <span class='ocr_line' id='line_1_11' title="bbox 398 2224 1441 2312; baseline -0.001 -21"><span class='ocrx_word' id='word_1_42' title='bbox 398 2227 529 2291; x_wconf 86' lang='lat' dir='ltr'><strong>Maeera</strong></span> <span class='ocrx_word' id='word_1_43' title='bbox 551 2227 586 2290; x_wconf 92' lang='lat' dir='ltr'><strong>in</strong></span> <span class='ocrx_word' id='word_1_44' title='bbox 609 2248 689 2291; x_wconf 89' lang='lat' dir='ltr'><strong>vase</strong></span> <span class='ocrx_word' id='word_1_45' title='bbox 711 2227 834 2306; x_wconf 77' lang='lat' dir='ltr'><strong>clauso,</strong></span> <span class='ocrx_word' id='word_1_46' title='bbox 859 2225 1053 2312; x_wconf 83' lang='lat' dir='ltr'><strong>frequenter</strong></span> <span class='ocrx_word' id='word_1_47' title='bbox 1075 2226 1218 2312; x_wconf 88' lang='lat' dir='ltr'><strong>agitans,</strong></span> <span class='ocrx_word' id='word_1_48' title='bbox 1242 2247 1302 2312; x_wconf 92' lang='lat' dir='ltr'><strong>per</strong></span> <span class='ocrx_word' id='word_1_49' title='bbox 1326 2224 1397 2290; x_wconf 86' lang='lat' dir='ltr'><strong>dies</strong></span> <span class='ocrx_word' id='word_1_50' title='bbox 1421 2227 1441 2290; x_wconf 89' lang='lat'><strong>3</strong></span> 
     </span>
     <span class='ocr_line' id='line_1_12' title="bbox 411 2331 1406 2411; baseline 0 -21"><span class='ocrx_word' id='word_1_51' title='bbox 411 2339 543 2392; x_wconf 70' lang='lat' dir='ltr'><strong>naaliel}</strong></span> <span class='ocrx_word' id='word_1_52' title='bbox 572 2339 765 2392; x_wconf 72' lang='lat' dir='ltr'><strong>Valeriam</strong></span> <span class='ocrx_word' id='word_1_53' title='bbox 795 2335 835 2392; x_wconf 92' lang='lat' dir='ltr'><strong>in</strong></span> <span class='ocrx_word' id='word_1_54' title='bbox 866 2333 1066 2411; x_wconf 88' lang='lat' dir='ltr'><strong>pulverem</strong></span> <span class='ocrx_word' id='word_1_55' title='bbox 1095 2331 1191 2411; x_wconf 51' lang='lat' dir='ltr'><strong>(Am)</strong></span> <span class='ocrx_word' id='word_1_56' title='bbox 1220 2331 1406 2391; x_wconf 80' lang='lat' dir='ltr'><strong>redactae</strong></span> 
     </span>
     <span class='ocr_line' id='line_1_13' title="bbox 492 2429 1487 2508; baseline 0 -20"><span class='ocrx_word' id='word_1_57' title='bbox 492 2437 627 2508; x_wconf 86' lang='lat' dir='ltr'><strong>partas</strong></span> <span class='ocrx_word' id='word_1_58' title='bbox 649 2438 804 2490; x_wconf 87' lang='lat' dir='ltr'><strong>eentum</strong></span> <span class='ocrx_word' id='word_1_59' title='bbox 830 2474 1401 2491; x_wconf 91' lang='grc'><strong>...............</strong></span> <span class='ocrx_word' id='word_1_60' title='bbox 1431 2429 1487 2487; x_wconf 89' lang='grc'><strong>100</strong></span> 
     </span>
    </p>
   </div>
   <div class='ocr_carea' id='block_1_7' title="bbox 354 2550 1488 2818">
    <p class='ocr_par' dir='ltr' id='par_1_8' title="bbox 354 2550 1488 2818">
     <span class='ocr_line' id='line_1_14' title="bbox 395 2551 415 2592; baseline 0 0"><span class='ocrx_word' id='word_1_61' title='bbox 395 2551 415 2592; x_wconf 90' lang='lat' dir='ltr'><strong>r</strong></span> 
     </span>
     <span class='ocr_line' id='line_1_15' title="bbox 354 2550 1488 2713; baseline -0.002 -21"><span class='ocrx_word' id='word_1_62' title='bbox 354 2550 395 2613; x_wconf 61' lang='lat' dir='ltr'><strong>pe</strong></span> <span class='ocrx_word' id='word_1_63' title='bbox 452 2641 593 2704; x_wconf 75' lang='lat' dir='ltr'><strong>Spiritus</strong></span> <span class='ocrx_word' id='word_1_64' title='bbox 613 2640 711 2693; x_wconf 80' lang='lat' dir='ltr'><strong>diluti</strong></span> <span class='ocrx_word' id='word_1_65' title='bbox 731 2643 869 2713; x_wconf 88' lang='lat' dir='ltr'><strong>partes</strong></span> <span class='ocrx_word' id='word_1_66' title='bbox 891 2642 1097 2694; x_wconf 85' lang='lat' dir='ltr'><strong>trecentas</strong></span> <span class='ocrx_word' id='word_1_67' title='bbox 1114 2677 1402 2695; x_wconf 91' lang='grc'><strong>........</strong></span> <span class='ocrx_word' id='word_1_68' title='bbox 1429 2633 1488 2691; x_wconf 85' lang='grc'><strong>300</strong></span> 
     </span>
     <span class='ocr_line' id='line_1_16' title="bbox 401 2732 1485 2818; baseline -0.001 -22"><span class='ocrx_word' id='word_1_69' title='bbox 401 2733 567 2817; x_wconf 83' lang='lat' dir='ltr'><strong>Exprime,</strong></span> <span class='ocrx_word' id='word_1_70' title='bbox 591 2733 692 2815; x_wconf 85' lang='lat' dir='ltr'><strong>filtra,</strong></span> <span class='ocrx_word' id='word_1_71' title='bbox 714 2734 841 2798; x_wconf 90' lang='lat' dir='ltr'><strong>filtrata</strong></span> <span class='ocrx_word' id='word_1_72' title='bbox 862 2733 905 2797; x_wconf 87' lang='lat' dir='ltr'><strong>ad</strong></span> <span class='ocrx_word' id='word_1_73' title='bbox 928 2732 1179 2818; x_wconf 76' lang='lat' dir='ltr'><strong>spissitudinem</strong></span> <span class='ocrx_word' id='word_1_74' title='bbox 1202 2733 1308 2818; x_wconf 88' lang='lat' dir='ltr'><strong>sirupi</strong></span> <span class='ocrx_word' id='word_1_75' title='bbox 1331 2753 1485 2817; x_wconf 88' lang='lat' dir='ltr'><strong>evapora.</strong></span> 
     </span>
    </p>
   </div>
   <div class='ocr_carea' id='block_1_8' title="bbox 401 2839 1489 3025">
    <p class='ocr_par' dir='ltr' id='par_1_9' title="bbox 401 2839 1489 3025">
     <span class='ocr_line' id='line_1_17' title="bbox 401 2839 986 2926; baseline 0.002 -23"><span class='ocrx_word' id='word_1_76' title='bbox 401 2839 546 2905; x_wconf 88' lang='lat' dir='ltr'><strong>Massam</strong></span> <span class='ocrx_word' id='word_1_77' title='bbox 569 2861 760 2926; x_wconf 84' lang='lat' dir='ltr'><strong>expressam</strong></span> <span class='ocrx_word' id='word_1_78' title='bbox 783 2839 986 2925; x_wconf 74' lang='lat' dir='ltr'><strong>superfamde</strong></span> 
     </span>
     <span class='ocr_line' id='line_1_18' title="bbox 454 2944 1489 3025; baseline -0.003 -21"><span class='ocrx_word' id='word_1_79' title='bbox 454 2955 565 3016; x_wconf 75' lang='lat' dir='ltr'><strong>Aquae</strong></span> <span class='ocrx_word' id='word_1_80' title='bbox 590 2953 779 3005; x_wconf 74' lang='lat' dir='ltr'><strong>ebullientis</strong></span> <span class='ocrx_word' id='word_1_81' title='bbox 799 2947 987 3025; x_wconf 88' lang='lat' dir='ltr'><strong>partibus</strong></span> <span class='ocrx_word' id='word_1_82' title='bbox 1007 2945 1327 3023; x_wconf 85' lang='lat' dir='ltr'><strong>quadringentis.</strong></span> <span class='ocrx_word' id='word_1_83' title='bbox 1357 2991 1364 3005; x_wconf 91' lang='lat'><strong>.</strong></span> <span class='ocrx_word' id='word_1_84' title='bbox 1396 2990 1403 3004; x_wconf 93' lang='lat'><em>.</em></span> <span class='ocrx_word' id='word_1_85' title='bbox 1430 2944 1489 3002; x_wconf 82' lang='grc'><strong>400</strong></span> 
     </span>
    </p>
   </div>
   <div class='ocr_carea' id='block_1_9' title="bbox 357 3043 1207 3131">
    <p class='ocr_par' dir='ltr' id='par_1_10' title="bbox 357 3043 1207 3131">
     <span class='ocr_line' id='line_1_19' title="bbox 357 3043 1207 3131; baseline 0 -23"><span class='ocrx_word' id='word_1_86' title='bbox 357 3050 390 3108; x_wconf 83' lang='lat' dir='ltr'><strong>et</strong></span> <span class='ocrx_word' id='word_1_87' title='bbox 413 3043 606 3131; x_wconf 82' lang='lat' dir='ltr'><strong>frequenter</strong></span> <span class='ocrx_word' id='word_1_88' title='bbox 628 3047 771 3131; x_wconf 72' lang='lat' dir='ltr'><strong>agitans,</strong></span> <span class='ocrx_word' id='word_1_89' title='bbox 796 3067 856 3130; x_wconf 93' lang='lat' dir='ltr'><strong>per</strong></span> <span class='ocrx_word' id='word_1_90' title='bbox 879 3045 979 3110; x_wconf 87' lang='lat' dir='ltr'><strong>horas</strong></span> <span class='ocrx_word' id='word_1_91' title='bbox 1003 3046 1045 3109; x_wconf 79' lang='lat'><strong>24</strong></span> <span class='ocrx_word' id='word_1_92' title='bbox 1068 3065 1207 3110; x_wconf 83' lang='lat' dir='ltr'><strong>macera.</strong></span> 
     </span>
    </p>
   </div>
   <div class='ocr_carea' id='block_1_10' title="bbox 401 3149 1489 3336">
    <p class='ocr_par' dir='ltr' id='par_1_11' title="bbox 401 3149 1489 3336">
     <span class='ocr_line' id='line_1_20' title="bbox 401 3149 1365 3237; baseline 0 -23"><span class='ocrx_word' id='word_1_93' title='bbox 401 3149 529 3215; x_wconf 89' lang='lat' dir='ltr'><strong>Iterum</strong></span> <span class='ocrx_word' id='word_1_94' title='bbox 552 3152 700 3237; x_wconf 79' lang='lat' dir='ltr'><strong>exprime</strong></span> <span class='ocrx_word' id='word_1_95' title='bbox 723 3157 757 3217; x_wconf 90' lang='lat' dir='ltr'><strong>et</strong></span> <span class='ocrx_word' id='word_1_96' title='bbox 780 3173 924 3216; x_wconf 87' lang='lat' dir='ltr'><strong>massam</strong></span> <span class='ocrx_word' id='word_1_97' title='bbox 947 3172 1138 3236; x_wconf 83' lang='lat' dir='ltr'><strong>expressam</strong></span> <span class='ocrx_word' id='word_1_98' title='bbox 1161 3149 1365 3235; x_wconf 84' lang='lat' dir='ltr'><strong>superfunde</strong></span> 
     </span>
     <span class='ocr_line' id='line_1_21' title="bbox 455 3255 1489 3336; baseline -0.004 -21"><span class='ocrx_word' id='word_1_99' title='bbox 455 3265 566 3328; x_wconf 74' lang='lat' dir='ltr'><strong>Aquae</strong></span> <span class='ocrx_word' id='word_1_100' title='bbox 588 3264 775 3316; x_wconf 80' lang='lat' dir='ltr'><strong>ebullientis</strong></span> <span class='ocrx_word' id='word_1_101' title='bbox 796 3257 982 3336; x_wconf 84' lang='lat' dir='ltr'><strong>partibus</strong></span> <span class='ocrx_word' id='word_1_102' title='bbox 1004 3257 1199 3315; x_wconf 78' lang='lat' dir='ltr'><strong>trecentis</strong></span> <span class='ocrx_word' id='word_1_103' title='bbox 1236 3300 1403 3316; x_wconf 92' lang='grc'><strong><em>.....</em></strong></span> <span class='ocrx_word' id='word_1_104' title='bbox 1431 3255 1489 3312; x_wconf 90' lang='grc'><strong>300</strong></span> 
     </span>
    </p>
   </div>
   <div class='ocr_carea' id='block_1_11' title="bbox 356 3352 1489 4188">
    <p class='ocr_par' dir='ltr' id='par_1_12' title="bbox 358 3352 1197 3442">
     <span class='ocr_line' id='line_1_22' title="bbox 358 3352 1197 3442; baseline 0 -24"><span class='ocrx_word' id='word_1_105' title='bbox 358 3361 400 3433; x_wconf 91' lang='lat' dir='ltr'><strong>et,</strong></span> <span class='ocrx_word' id='word_1_106' title='bbox 425 3352 618 3441; x_wconf 86' lang='lat' dir='ltr'><strong>frequenter</strong></span> <span class='ocrx_word' id='word_1_107' title='bbox 640 3357 783 3442; x_wconf 85' lang='lat' dir='ltr'><strong>agitans,</strong></span> <span class='ocrx_word' id='word_1_108' title='bbox 807 3377 867 3440; x_wconf 88' lang='lat' dir='ltr'><strong>per</strong></span> <span class='ocrx_word' id='word_1_109' title='bbox 889 3356 990 3420; x_wconf 88' lang='lat' dir='ltr'><strong>horae</strong></span> <span class='ocrx_word' id='word_1_110' title='bbox 1014 3356 1033 3419; x_wconf 88' lang='lat'>6</span> <span class='ocrx_word' id='word_1_111' title='bbox 1057 3376 1197 3420; x_wconf 79' lang='lat' dir='ltr'><strong>manera.</strong></span> 
     </span>
    </p>

    <p class='ocr_par' dir='ltr' id='par_1_13' title="bbox 356 3460 1489 3869">
     <span class='ocr_line' id='line_1_23' title="bbox 403 3460 1488 3550; baseline -0.001 -26"><span class='ocrx_word' id='word_1_112' title='bbox 403 3461 570 3548; x_wconf 85' lang='lat' dir='ltr'><strong>Exprime,</strong></span> <span class='ocrx_word' id='word_1_113' title='bbox 606 3463 751 3550; x_wconf 87' lang='lat' dir='ltr'><strong>liquores</strong></span> <span class='ocrx_word' id='word_1_114' title='bbox 786 3483 938 3549; x_wconf 87' lang='lat' dir='ltr'><strong>aquosos,</strong></span> <span class='ocrx_word' id='word_1_115' title='bbox 975 3483 1049 3527; x_wconf 86' lang='lat' dir='ltr'><strong>eum</strong></span> <span class='ocrx_word' id='word_1_116' title='bbox 1080 3460 1279 3537; x_wconf 85' lang='lat' dir='ltr'><strong>desederint,</strong></span> <span class='ocrx_word' id='word_1_117' title='bbox 1304 3460 1431 3525; x_wconf 84' lang='lat' dir='ltr'><strong>celatos</strong></span> <span class='ocrx_word' id='word_1_118' title='bbox 1454 3464 1488 3523; x_wconf 84' lang='lat' dir='ltr'><strong>et</strong></span> 
     </span>
     <span class='ocr_line' id='line_1_24' title="bbox 356 3567 1488 3655; baseline -0.003 -23"><span class='ocrx_word' id='word_1_119' title='bbox 356 3567 554 3634; x_wconf 81' lang='lat' dir='ltr'><strong>coniunctos</strong></span> <span class='ocrx_word' id='word_1_120' title='bbox 576 3569 619 3635; x_wconf 83' lang='lat' dir='ltr'><strong>ad</strong></span> <span class='ocrx_word' id='word_1_121' title='bbox 642 3569 893 3655; x_wconf 72' lang='lat' dir='ltr'><strong>spissitudinem</strong></span> <span class='ocrx_word' id='word_1_122' title='bbox 917 3569 1022 3654; x_wconf 88' lang='lat' dir='ltr'><strong>sirupi</strong></span> <span class='ocrx_word' id='word_1_123' title='bbox 1041 3589 1196 3653; x_wconf 89' lang='lat' dir='ltr'><strong>evapora,</strong></span> <span class='ocrx_word' id='word_1_124' title='bbox 1217 3567 1317 3632; x_wconf 85' lang='lat' dir='ltr'><strong>misae</strong></span> <span class='ocrx_word' id='word_1_125' title='bbox 1337 3571 1488 3631; x_wconf 74' lang='lat' dir='ltr'><strong>extracto</strong></span> 
     </span>
     <span class='ocr_line' id='line_1_25' title="bbox 359 3673 1489 3762; baseline -0.004 -24"><span class='ocrx_word' id='word_1_126' title='bbox 359 3673 451 3760; x_wconf 91' lang='lat' dir='ltr'><strong>prius</strong></span> <span class='ocrx_word' id='word_1_127' title='bbox 474 3677 722 3761; x_wconf 85' lang='lat' dir='ltr'><strong>parato‚oaloris</strong></span> <span class='ocrx_word' id='word_1_128' title='bbox 745 3675 853 3762; x_wconf 86' lang='lat' dir='ltr'><strong>gradu</strong></span> <span class='ocrx_word' id='word_1_129' title='bbox 874 3697 943 3740; x_wconf 90' lang='lat' dir='ltr'><strong>non</strong></span> <span class='ocrx_word' id='word_1_130' title='bbox 966 3675 1041 3760; x_wconf 89' lang='lat' dir='ltr'><strong>plus</strong></span> <span class='ocrx_word' id='word_1_131' title='bbox 1059 3696 1159 3761; x_wconf 89' lang='lat' dir='ltr'><strong>quam</strong></span> <span class='ocrx_word' id='word_1_132' title='bbox 1179 3673 1237 3738; x_wconf 87' lang='lat'><strong>80⁰</strong></span> <span class='ocrx_word' id='word_1_133' title='bbox 1252 3673 1489 3759; x_wconf 80' lang='lat' dir='ltr'><strong>evaporatione</strong></span> 
     </span>
     <span class='ocr_line' id='line_1_26' title="bbox 359 3784 1227 3869; baseline -0.002 -24"><span class='ocrx_word' id='word_1_134' title='bbox 359 3802 441 3866; x_wconf 90' lang='lat' dir='ltr'><strong>para</strong></span> <span class='ocrx_word' id='word_1_135' title='bbox 463 3787 651 3848; x_wconf 71' lang='lat' dir='ltr'><strong>extractum</strong></span> <span class='ocrx_word' id='word_1_136' title='bbox 673 3784 828 3869; x_wconf 90' lang='lat' dir='ltr'><strong>spissum.</strong></span> <span class='ocrx_word' id='word_1_137' title='bbox 1225 3839 1227 3843; x_wconf 87' lang='lat'>.</span> 
     </span>
    </p>

    <p class='ocr_par' dir='ltr' id='par_1_14' title="bbox 360 3887 1489 4188">
     <span class='ocr_line' id='line_1_27' title="bbox 405 3887 1489 3974; baseline -0.004 -21"><span class='ocrx_word' id='word_1_138' title='bbox 405 3888 601 3956; x_wconf 81' lang='lat' dir='ltr'><strong>Extractum</strong></span> <span class='ocrx_word' id='word_1_139' title='bbox 635 3891 839 3966; x_wconf 78' lang='lat' dir='ltr'><strong>valerianae,</strong></span> <span class='ocrx_word' id='word_1_140' title='bbox 870 3889 987 3954; x_wconf 89' lang='lat' dir='ltr'><strong>addita</strong></span> <span class='ocrx_word' id='word_1_141' title='bbox 1015 3909 1102 3974; x_wconf 88' lang='lat' dir='ltr'><strong>aqua</strong></span> <span class='ocrx_word' id='word_1_142' title='bbox 1132 3888 1301 3973; x_wconf 81' lang='lat'>(1:10),</span> <span class='ocrx_word' id='word_1_143' title='bbox 1328 3887 1489 3971; x_wconf 89' lang='lat' dir='ltr'><strong>liquorem</strong></span> 
     </span>
     <span class='ocr_line' id='line_1_28' title="bbox 360 3992 1489 4082; baseline -0.003 -24"><span class='ocrx_word' id='word_1_144' title='bbox 360 3994 497 4080; x_wconf 86' lang='lat' dir='ltr'><strong>praebet</strong></span> <span class='ocrx_word' id='word_1_145' title='bbox 522 3997 702 4076; x_wconf 88' lang='lat' dir='ltr'><strong>turbidum,</strong></span> <span class='ocrx_word' id='word_1_146' title='bbox 716 3996 916 4082; x_wconf 85' lang='lat' dir='ltr'><strong>periuseum,</strong></span> <span class='ocrx_word' id='word_1_147' title='bbox 941 3996 1070 4081; x_wconf 88' lang='lat' dir='ltr'><strong>saporis</strong></span> <span class='ocrx_word' id='word_1_148' title='bbox 1093 3994 1270 4071; x_wconf 90' lang='lat' dir='ltr'><strong>subamari,</strong></span> <span class='ocrx_word' id='word_1_149' title='bbox 1295 3994 1361 4079; x_wconf 89' lang='lat' dir='ltr'><strong>qui,</strong></span> <span class='ocrx_word' id='word_1_150' title='bbox 1375 3992 1489 4056; x_wconf 87' lang='lat' dir='ltr'><strong>addito</strong></span> 
     </span>
     <span class='ocr_line' id='line_1_29' title="bbox 361 4102 1071 4188; baseline 0.003 -24"><span class='ocrx_word' id='word_1_151' title='bbox 361 4102 499 4186; x_wconf 88' lang='lat' dir='ltr'><strong>spiritus</strong></span> <span class='ocrx_word' id='word_1_152' title='bbox 522 4105 594 4188; x_wconf 90' lang='lat' dir='ltr'><strong>pari</strong></span> <span class='ocrx_word' id='word_1_153' title='bbox 618 4105 795 4181; x_wconf 84' lang='lat' dir='ltr'><strong>volumine,</strong></span> <span class='ocrx_word' id='word_1_154' title='bbox 819 4126 887 4169; x_wconf 89' lang='lat' dir='ltr'><strong>non</strong></span> <span class='ocrx_word' id='word_1_155' title='bbox 910 4103 1071 4168; x_wconf 88' lang='lat' dir='ltr'><strong>elareseit.</strong></span> 
     </span>
    </p>
   </div>
   <div class='ocr_carea' id='block_1_12' title="bbox 0 0 1786 5026">
    <p class='ocr_par' dir='ltr' id='par_1_15' title="bbox 0 0 1786 5026">
     <span class='ocr_line' id='line_1_30' title="bbox 0 0 1786 5026; baseline 0 0"><span class='ocrx_word' id='word_1_156' title='bbox 0 0 1786 5026; x_wconf 95' lang='lat' dir='ltr'><strong> </strong></span> 
     </span>
    </p>
   </div>
  </div>
 </body>
</html>
