3466 5038
865 507 907 570 50

314 701 424 765 insula
447 700 537 765 culta
567 700 634 764 duo
664 720 786 784 genera
813 700 945 764 resinae
968 699 1114 785 praebet,
1139 721 1280 785 quorum
1304 702 1447 766 alterum

314 809 490 893 praecipue
512 807 643 872 acidum
667 807 870 884 benzoicum,
891 807 1035 871 alterum
1046 807 1177 872 acidum
1190 809 1447 894 cinnamylicum

316 915 476 980 continet.

361 1082 473 1147 Massa
503 1105 521 1146 e
551 1104 634 1147 cano
664 1083 718 1146 vel
748 1105 766 1148 e
793 1084 895 1148 rubro
918 1082 1085 1160 subfusca,
1111 1105 1209 1169 saepe
1231 1082 1444 1160 foraminosa,

316 1188 414 1254 facile
435 1187 589 1266 friabilis,
614 1210 674 1274 per
695 1211 795 1275 quarn
818 1211 923 1275 grana
941 1191 995 1255 vel
1016 1191 1181 1255 massulas
1199 1189 1295 1254 albae
1313 1189 1444 1254 abunde

313 1295 466 1380 dispersa
487 1300 576 1361 sunt.
601 1295 694 1361 Odor
718 1297 875 1374 Benzoes,
898 1297 1095 1382 praesertim
1117 1297 1238 1362 leniter
1256 1295 1444 1374 calefactae,

314 1401 469 1487 proprius
492 1408 553 1481 est,
577 1403 791 1468 vanillaceus.

361 1510 492 1574 Benzoe
526 1530 601 1574 cum
631 1510 770 1595 spiritus
801 1511 990 1596 quantitate
1020 1512 1122 1576 vicies
1152 1515 1248 1575 tanta
1278 1515 1443 1586 concocta,

315 1617 463 1700 exceptis
494 1616 691 1703 quisquiliis,
727 1638 809 1702 quas
840 1638 909 1682 non
943 1618 1018 1703 plus
1052 1639 1151 1704 quam
1183 1617 1330 1682 Benzoes
1360 1616 1445 1680 vice·

314 1723 433 1786 simam
457 1729 585 1808 parbem
608 1745 680 1788 esse
703 1724 790 1801 licei,
815 1730 887 1789 tota
910 1725 1071 1789 solvatur.
1103 1723 1195 1803 Quae
1215 1723 1335 1800 soluta,
1360 1743 1445 1808 aqua

314 1829 431 1908 mixta,
455 1832 619 1896 emulsum
641 1832 803 1916 praebent
825 1831 948 1909 album,
977 1831 1156 1896 reactionis
1180 1830 1302 1895 acidae.

362 1938 492 2002 Benzoe
512 1937 686 2003 combusta
704 1939 824 2003 cineris
843 1959 885 2002 ne
904 1939 979 2024 plus
999 1959 1098 2024 quam
1117 1941 1230 2023 partes
1246 1937 1444 2001 centesimas
1515 1969 1517 1974 .

318 2044 536 2128 2relinquat.

360 2149 497 2214 Praeter
526 2150 682 2214 Benzoen
713 2149 963 2215 Sumatrensem
993 2172 1096 2235 supra
1125 2149 1327 2234 descriptam
1358 2150 1443 2214 Ben-

316 2277 397 2320 zoen
429 2255 636 2320 Siamensem
669 2276 799 2341 quoque
830 2256 866 2319 in
889 2256 1159 2342 pharmacopolio
1181 2256 1334 2322 adbiberi
1356 2255 1443 2332 licei,

314 2383 399 2447 quae
422 2361 527 2426 isdem
550 2362 708 2446 puritatis
731 2362 861 2448 legibus
884 2367 1010 2447 pareat.

363 2468 502 2545 Benace,
535 2491 552 2532 e
583 2490 648 2554 qua
678 2468 810 2533 acidum
839 2469 1033 2534 bennoicum
1053 2474 1197 2554 paretur,
1222 2467 1354 2534 acidum
1376 2469 1445 2533 cin-

315 2575 517 2659 namylicum
558 2597 601 2640 ne
638 2577 818 2640 contineat.
854 2573 958 2641 Cuius
994 2576 1141 2640 Benzoes
1175 2575 1446 2660 milligrammaie

317 2682 382 2744 500
401 2681 556 2759 contrita,
576 2681 635 2745 ubi
657 2702 733 2745 cum
755 2683 1026 2768 permanganalis
1050 2681 1152 2746 kaliei
1169 2683 1203 2766 (l
1222 2707 1256 2742 =
1275 2681 1330 2766 10)
1342 2681 1445 2746 centi-

315 2785 431 2850 metris
465 2786 589 2851 cubicis
621 2789 639 2849 5
675 2785 793 2851 caloris
827 2786 934 2872 gradu
965 2789 1024 2851 40⁰
1046 2787 1211 2864 calefiunt,
1238 2809 1281 2852 ne
1304 2785 1445 2850 exsistat

188 2869 190 2874 Ι
314 2891 609 2977 benzaldehydurn.

653 3358 703 3457 -Ι-
737 3363 1030 3456 Benzelum.

827 3537 931 3625 qq.

358 3680 483 3766 liquor
497 3681 617 3747 coloris
632 3702 759 3766 expers,
772 3682 890 3759 clarus,
904 3680 1017 3747 odoris
1029 3681 1164 3768 proprii,
1177 3681 1275 3768 plane
1286 3681 1443 3760 volatilis,

313 3785 410 3852 facile
447 3786 703 3864 inflammabilis,
742 3787 876 3852 flamma
909 3788 1051 3853 mulium
1080 3787 1233 3874 fuliginis
1266 3787 1444 3874 praebente

313 3893 443 3972 ardens,
464 3894 521 3980 qui
539 3893 757 3980 refrigeratus
777 3895 886 3959 calore
905 3894 1024 3980 glaciei
1040 3894 1254 3981 liquescentis
1265 3893 1443 3960 solidescit.

314 4000 496 4066 Bennolum
518 4001 662 4079 aethere,
686 4000 920 4080 ehloroformo,
944 4001 1026 4068 oleis
1047 4002 1228 4087 pinguibus
1247 4023 1308 4086 pro
1327 4001 1444 4088 quavis

313 4108 476 4192 portione,
496 4107 635 4194 spiritus
650 4111 745 4193 parte
759 4112 776 4170 1
790 4107 922 4173 misceri
933 4112 1053 4194 potest,
1066 4109 1102 4173 in
1113 4130 1200 4193 aqua
1210 4129 1279 4174 non
1291 4109 1442 4174 solvitur.

313 4213 448 4280 Pondus
470 4213 658 4300 specificam
682 4213 791 4291 0887.
816 4211 945 4280 Galeris
964 4214 1071 4300 gradu
1093 4217 1186 4293 80‚4⁰
1208 4215 1336 4281 ebullit.
