3466 5038
1382 469 1420 516 IX

295 646 526 732 longitudinis
550 646 665 710 distat.
684 647 722 710 E.
735 667 767 731 g.
796 646 833 732 ¹!l
848 645 1015 730 significat
1027 646 1180 711 nucleum
1193 646 1384 725 centmlem,
1402 647 1440 734 1βῦ
1523 733 1526 740 ’

297 753 337 816 in
360 754 463 817 tertia
486 759 586 837 parte
608 752 828 837 longitudinis
852 753 997 836 positum
1021 774 1102 830 esse,
1127 759 1188 817 cet.

347 859 400 924 De
418 859 530 924 modis
548 864 583 924 et
603 860 757 937 numeris,
778 881 863 944 quae
875 860 910 922 in
922 859 1201 943 descriptionibus
1213 861 1439 938 inveniuntur,

300 967 386 1031 haec
398 987 535 1030 monere
547 967 656 1030 liceat.
670 967 744 1030 Hac
754 967 789 1029 in
801 987 902 1031 causa
915 967 1098 1051 peritorum
1109 967 1285 1031 consilium
1293 968 1441 1031 nondum

301 1079 448 1138 constat.
468 1072 599 1137 Notum
617 1077 668 1138 est
680 1073 898 1137 variationem
910 1073 1128 1137 fluctuantem
1140 1074 1320 1138 secundum
1333 1081 1441 1139 certas

300 1178 395 1264 leges
417 1179 500 1256 fieri,
524 1200 610 1264 quae
624 1179 763 1256 ratione,
776 1180 977 1243 statisticam
989 1200 1088 1264 quam
1100 1185 1230 1256 vocant,
1245 1180 1441 1264 investigari

301 1286 444 1370 possint,
470 1291 505 1350 et
523 1285 726 1350 variationes
745 1307 784 1349 eo
797 1285 895 1349 modo
907 1285 987 1362 fieri,
1001 1286 1059 1370 qui
1070 1285 1181 1350 curvis
1194 1287 1440 1370 probabilitatis

302 1413 456 1456 errorum
475 1391 562 1455 varii
581 1392 712 1476 generis
724 1392 904 1476 significari
917 1391 1033 1475 possit.
1046 1392 1244 1458 Accuratius
1255 1415 1325 1457 rem
1337 1394 1440 1477 inspi-

301 1499 405 1562 cienti
427 1498 678 1563 aestimationes
702 1499 861 1583 pristinas
879 1521 977 1583 saepe
990 1498 1092 1563 falsas
1105 1521 1177 1564 csse
1190 1522 1319 1584 quoque
1332 1501 1440 1585 magis

300 1606 476 1690 magisque
491 1611 641 1690 apparet.
662 1605 728 1670 Sed
741 1627 818 1669 raro
830 1611 961 1670 tantum
974 1606 1009 1669 in
1022 1605 1121 1670 rebus
1134 1607 1234 1670 certis
1247 1613 1281 1670 et
1293 1607 1439 1671 definitis

300 1711 525 1789 definitiones,
550 1712 734 1776 stetisticae
757 1733 841 1797 quae
863 1713 1029 1788 dicuntur,
1055 1711 1164 1777 factae
1187 1719 1275 1790 sunt,
1301 1714 1439 1798 quaein

303 1818 593 1904 Pharmacopoeae
616 1819 761 1884 editione
784 1819 935 1905 sequenti
958 1819 1073 1884 deesse
1096 1841 1165 1884 non
1187 1825 1356 1904 poterunt.

350 1925 441 2003 Quae
473 1947 549 1989 cum
572 1926 621 1990 ita
645 1926 721 2002 sint,
745 1926 910 1990 rationem
932 1926 1016 1990 bene
1039 1926 1230 1990 institutam
1254 1928 1347 2011 sequi
1370 1949 1438 1992 non

302 2032 484 2115 potuimus.
500 2031 570 2096 Ubi
582 2031 674 2098 facts
686 2033 853 2096 stetistica
864 2033 1013 2109 aderant,
1026 2038 1160 2116 recepta
1173 2039 1267 2097 sunt:
1282 2035 1317 2096 in
1329 2055 1438 2098 exem-

302 2138 368 2222 plis
391 2138 646 2222 simplicissimis
669 2144 800 2203 tantum
823 2138 1020 2223 frequentiis
1044 2139 1438 2224 eventuumsingulorum

301 2244 338 2307 in
350 2266 460 2308 rerum
472 2251 594 2309 natura
605 2246 848 2310 occurrentium
860 2246 1097 2323 memorandis3
1109 2247 1145 2309 in
1158 2247 1316 2331 exemplis
1328 2246 1438 2311 minus

301 2351 508 2437 simplicibus
539 2353 642 2417 variis
665 2353 781 2430 modis,
806 2357 906 2437 prout
929 2353 1072 2418 variatio
1097 2353 1277 2417 secundum
1301 2375 1436 2417 curvam

301 2459 548 2544 probabilitatis
561 2481 710 2524 errorum
719 2466 778 2524 aut
786 2459 967 2524 secundum
977 2482 1112 2524 curvam
1122 2465 1358 2545 asymmetram
1366 2460 1435 2524 fiat.

347 2564 384 2628 Si
403 2564 585 2628 secundum
604 2586 742 2628 curvam
752 2565 1000 2651 probabilitatis
1012 2588 1161 2630 errorum
1173 2567 1334 2647 variatur,
1347 2567 1432 2629 indi-

300 2675 438 2734 cantur:
466 2671 502 2734 1⁰
523 2671 679 2735 Mediana
702 2671 776 2754 (M),
800 2672 821 2736 i.
843 2693 870 2735 e.
890 2693 1048 2736 numerus
1076 2673 1436 2758 ultracitraquequem

300 2777 1435 2864 frequentiasparessunt,simulnumerusprobabilissimus‚mcdius;

300 2883 340 2945 2⁰
372 2883 533 2962 Quartilis
568 2884 637 2968 (Q),
674 2906 766 2948 error
801 2885 981 2969 probabilis
1017 2887 1335 2961 mathematicorum,
1360 2886 1381 2948 i.
1407 2909 1434 2949 e.

297 3011 468 3067 numerus,
494 2991 528 3055 M
555 2991 728 3056 addendus
755 2997 790 3056 et
808 2992 999 3069 demendas,
1021 2997 1058 3056 ut
1077 2993 1211 3056 termini
1230 2996 1433 3069 statuantur,

296 3099 355 3183 qui
380 3098 489 3181 ipsam
511 3098 684 3162 dimidiam
708 3103 836 3182 partem
854 3119 966 3165 rerum
986 3099 1192 3184 singularum
1211 3099 1357 3183 capiunt.
1382 3099 1434 3162 Ad

296 3205 536 3268 illustrandum
547 3205 735 3289 exemplum
747 3205 939 3270 afferamus:
953 3206 982 3270 si
993 3205 1158 3289 reperitur
1169 3207 1297 3270 numeri
1310 3205 1434 3290 carpel-

295 3313 408 3376 lorum
437 3311 620 3376 Fructuum
652 3313 833 3396 Papaveris
864 3313 899 3376 M
923 3339 956 3372 :
984 3315 1047 3390 9,5‚
1073 3312 1101 3391 Q
1127 3339 1160 3372 =
1188 3315 1239 3388 1‚2
1264 3334 1345 3389 esse,
1371 3314 1433 3376 hoc

295 3417 470 3502 significat
489 3417 660 3482 fructuum
679 3418 852 3483 dimidiam
872 3426 1001 3506 partem
1021 3419 1183 3503 carpellos
1197 3422 1251 3494 8,3
1264 3419 1307 3483 ad
1321 3419 1394 3494 10,7
1408 3420 1433 3499 1)

294 3525 433 3588 habere.
469 3523 534 3603 Qui
565 3525 695 3588 numeri
718 3526 746 3588 si
770 3526 1003 3602 rotundantur‚
1029 3527 1179 3611 sequitur
1202 3531 1240 3590 ut
1263 3526 1434 3591 fructuum

293 3630 438 3694 dimidia
461 3651 540 3714 pars
563 3631 724 3716 carpellos
748 3635 768 3695 8
792 3632 835 3696 ad
860 3637 898 3695 11
925 3633 1056 3709 habeat,
1082 3637 1202 3716 quarta
1226 3654 1302 3716 pars
1322 3633 1432 3696 minus

292 3759 399 3822 quam
423 3739 453 3814 8,
479 3743 600 3822 quarta
623 3759 699 3822 pars
722 3739 796 3824 plus
820 3761 919 3824 quam
935 3745 985 3803 11.
1015 3740 1125 3824 Igitur
1140 3739 1286 3803 numeris
1302 3739 1336 3802 Μ
1352 3739 1431 3817 etQ

292 3843 382 3907 bene
405 3847 677 3928 repraesentatur
701 3867 768 3910 non
792 3847 899 3910 solum
923 3868 1079 3910 numerus
1103 3846 1231 3910 medius
1256 3846 1315 3910 sed
1331 3845 1431 3908 etiam

295 3949 493 4034 frequentia
517 3949 785 4016 declinationum.

342 4129 359 4176 1)
387 4131 453 4172 llunc
472 4141 589 4172 numerum
608 4129 696 4172 tractum
715 4143 768 4178 esse.
788 4145 831 4174 non
850 4138 884 4175 est
898 4135 1032 4184 mirandum
1051 4147 1165 4177 nanterum
1185 4137 1326 4188 camellorum
1356 4143 1431 4174 ructus

295 4201 411 4242 maumam
427 4203 538 4252 integrum
553 4211 600 4240 asse
615 4199 688 4251 liquet,
701 4204 739 4243 sed
755 4217 797 4245 uon
812 4207 842 4246 ita
857 4211 889 4246 est
905 4207 927 4247 in
942 4219 1031 4248 ninncro
1046 4209 1122 4248 malla
