3584 5026
852 535 916 597 209

564 725 614 823 ÷
646 729 857 849 Hydrus
892 729 1128 823 tatinus.

827 907 938 971 KOH.

366 1047 489 1114 Bacilla
522 1049 577 1113 vel
610 1047 720 1114 frusta
754 1049 853 1135 plana
888 1049 982 1126 sicca,
1018 1049 1103 1127 alba,
1128 1048 1331 1133 crystailina‚
1357 1048 1450 1122 dura,

321 1155 569 1241 hygroscopica,
593 1156 702 1221 calore
725 1156 949 1241 liquescentia.
976 1155 1113 1241 Hydrae
1136 1155 1266 1220 kalicus
1289 1155 1324 1219 in
1347 1175 1452 1239 aquae

320 1267 414 1346 parte
437 1262 575 1327 dimidia
597 1265 681 1347 (0,5)
704 1268 738 1329 et
756 1263 791 1327 in
812 1263 950 1348 spiritus
973 1263 1125 1348 partibus
1149 1264 1202 1335 2,4
1224 1262 1377 1328 solvitur.

366 1369 531 1454 Hydratis
553 1370 653 1434 kalici
676 1376 862 1454 grammata
885 1374 904 1434 5
928 1371 962 1433 in
985 1391 1090 1455 aquae
1112 1369 1317 1435 centimetris
1328 1367 1453 1434 cubicis

323 1477 364 1540 20
387 1476 498 1541 soluts
519 1475 624 1541 isdem
648 1477 827 1561 postulatis
850 1483 884 1543 et
901 1477 1007 1543 isdem
1022 1477 1153 1562 legibus
1176 1475 1332 1561 puritatis
1355 1473 1452 1540 satis·

321 1581 456 1662 iaciant,
479 1584 600 1669 quibus
623 1584 754 1649 Solutio
778 1584 931 1669 hydratis
952 1583 1062 1648 kalici.

368 1689 532 1775 Hydratis
565 1690 666 1782 kalici
699 1713 848 1777 gramma
873 1696 890 1754 1
915 1691 950 1754 in
973 1711 1077 1776 aquae
1100 1690 1306 1756 centimetris
1329 1688 1453 1754 cubicis

325 1798 366 1859 10
389 1796 545 1874 solutum,
570 1802 609 1862 ut
631 1797 782 1862 neutrius
804 1797 982 1862 1·eactionis
1005 1797 1059 1876 sit,
1082 1796 1168 1862 acidi
1180 1796 1339 1860 normalis
1350 1795 1453 1860 centi-

323 1908 429 1968 metra
455 1903 571 1968 cubica
592 1925 660 1968 non
683 1905 793 1970 minus
815 1926 915 1990 quam
940 1906 980 1968 16
1004 1904 1161 1989 requirat,
1185 1904 1275 1988 quod
1297 1902 1454 1967 convenit

324 2029 397 2072 cum
419 2008 520 2074 KOH
545 2010 696 2094 partibus
719 2011 908 2076 centesimis
930 2031 998 2074 non
1021 2011 1132 2075 minus
1154 2031 1253 2096 quam
1277 2011 1363 2087 89,8.

370 2133 447 2198 Per
468 2135 628 2200 calcem
651 2136 794 2200 vivam
816 2134 1068 2201 servandus.

570 2620 620 2718 ÷
649 2624 847 2743 Hydrus
882 2623 1135 2716 tetricus

824 2800 958 2865 naon.

372 2942 496 3008 Bacilla
507 2943 561 3006 vel
572 2941 682 3007 fiusta
693 2943 793 3027 plana
804 2943 899 3021 sicca,
912 2943 996 3020 alba,
1010 2942 1213 3028 crystallina,
1226 2942 1319 3021 dura,
1334 2944 1458 3029 hygre-

330 3050 467 3135 scopica‚
490 3049 599 3115 calore
621 3049 847 3133 liquescentis.
872 3047 1009 3134 Hydnas
1032 3048 1181 3113 natricus
1200 3049 1351 3135 inaquae
1364 3055 1458 3133 parte

329 3153 463 3220 dimidia
485 3157 570 3241 (0,5)
593 3155 685 3219 etin
708 3155 846 3240 spiritus
869 3154 1020 3240 partibus
1043 3156 1096 3232 4,2
1120 3155 1272 3219 solvitur.

373 3261 537 3347 Hydratis
560 3262 680 3327 nutrici
702 3268 888 3346 grammata
911 3265 931 3326 3
951 3263 986 3326 in
1005 3284 1109 3348 aquas
1120 3263 1325 3329 centimetris
1336 3263 1461 3329 cubicis

330 3369 371 3432 20
394 3369 504 3434 soluta
526 3368 632 3433 isdem
656 3368 834 3453 postulatis
857 3373 893 3433 et
914 3368 1019 3433 isdem
1037 3369 1167 3455 legibus
1187 3369 1344 3454 puritatis
1364 3368 1459 3434 satis-

329 3471 462 3553 faciant,
486 3473 607 3560 quibus
631 3474 762 3540 Solutic
785 3473 939 3559 hydratis
962 3477 1091 3542 nutrici.

375 3580 539 3666 Hydratis
563 3582 682 3647 natrici
706 3603 855 3667 gramma
881 3584 897 3643 1
922 3580 957 3644 in
980 3603 1084 3666 aquae
1108 3580 1313 3647 centimetris
1336 3580 1460 3646 cubicis

333 3689 372 3750 10
395 3688 550 3765 solutum,
574 3693 613 3752 ut
632 3688 784 3752 neutrius
802 3687 980 3752 reactionis
1000 3689 1053 3766 sit,
1074 3688 1159 3754 acidi
1178 3688 1339 3752 normalis
1358 3687 1461 3752 centi-

331 3799 435 3857 metra
457 3793 572 3859 cubica
594 3815 662 3858 non
685 3793 796 3858 minus
818 3815 918 3877 quam
939 3796 1014 3872 225
1033 3794 1190 3878 requirat,
1203 3791 1293 3878 quod
1305 3793 1461 3857 convenit

331 3919 403 3962 cum
427 3899 547 3964 NaOH
570 3899 722 3985 partibus
744 3899 934 3966 centesimis
957 3921 1024 3964 non
1047 3901 1157 3964 minus
1180 3920 1279 3984 quam
1303 3901 1389 3976 90‚1.

376 4023 456 4088 Per
487 4025 645 4090 calcem
677 4025 818 4089 vivam
848 4024 1101 4089 servandus.
