3584 5026
879 532 943 594 233

345 726 548 792 exhibentes.
597 726 718 792 Frusta
747 747 904 791 vasorum
934 727 1084 792 articulis
1114 728 1271 793 brevibus
1295 735 1329 793 ct
1353 729 1477 794 scrobi-

343 833 425 898 culis
444 833 632 918 duplicibus
652 833 866 911 tenuissimis‚
891 833 1013 911 densis,
1026 855 1266 920 nonnunquam
1286 839 1477 900 transverse

344 939 478 1024 paulurn
500 940 655 1004 extentis.
679 940 793 1025 Amyli
814 938 886 1004 iere
908 941 1002 1004 nihil.
1026 940 1277 1027 Nonnunquam
1299 943 1476 1028 mycelium

257 1077 260 1082 ·
342 1044 523 1131 fungosum
553 1067 731 1124 ramosum,
763 1046 992 1133 nigroiuscum
1018 1047 1071 1111 vel
1095 1047 1353 1113 subviolaceum.
1401 1049 1477 1113 Pul-

343 1173 439 1217 veres
472 1153 556 1238 ligni
586 1173 745 1238 generum
776 1174 877 1238 supra
906 1153 1073 1218 dictorum
1096 1158 1165 1218 tam
1189 1175 1307 1239 parum
1329 1155 1419 1219 inter
1441 1176 1476 1219 se

343 1259 512 1338 differunt,
535 1263 574 1324 ut
592 1260 702 1324 utrius
722 1260 854 1345 generis
874 1261 983 1345 pulvis
1003 1261 1057 1339 sit,
1078 1282 1177 1346 saepe
1197 1261 1302 1326 statui
1321 1268 1474 1346 nequeat;

342 1365 470 1452 lignum
499 1366 704 1430 Iamaicense
734 1365 846 1430 radios
876 1366 1074 1434 medullares
1097 1368 1199 1433 habet
1220 1368 1355 1434 cellulas
1381 1371 1399 1432 2
1424 1369 1476 1432 vel

344 1475 364 1537 3
386 1473 473 1538 latos
496 1478 530 1538 st
553 1473 720 1558 crystalla,
741 1473 978 1538 Surinamcnse
996 1475 1108 1540 radios
1119 1475 1313 1561 plerumque
1325 1475 1476 1538 cellulam

346 1579 484 1658 llat0s‚
508 1580 668 1665 crystalla
692 1580 793 1658 nulla,
818 1580 876 1644 sed
901 1585 1077 1666 utrumque
1092 1581 1225 1665 insigne
1236 1581 1272 1644 in
1284 1581 1476 1665 pulveribus

344 1687 522 1752 admodum
545 1687 752 1752 obscuratur.
777 1687 814 1751 Si
826 1687 959 1751 corticis
971 1688 1135 1753 elementa
1145 1689 1182 1751 in
1194 1688 1331 1773 pulvere
1342 1687 1474 1764 adsunt,

343 1793 452 1878 pulvis
474 1793 557 1878 ligni
580 1792 828 1858 Surinamensis
851 1793 949 1858 facile
971 1795 1186 1879 cognoscitur
1207 1793 1332 1859 crebris
1350 1794 1477 1859 cellulis

343 1899 666 1986 solerenchymaticis
700 1899 867 1978 brevibus,
895 1900 993 1965 valde
1017 1900 1235 1986 pachytichis,
1259 1901 1346 1965 clare
1368 1899 1475 1976 flavis,

343 2006 535 2071 scrobiculis
558 2005 733 2070 altioribus
755 2007 906 2084 ramosis,
931 2007 1087 2091 nulloque
1111 2005 1181 2072 fere
1203 2006 1337 2084 lumine,
1354 2005 1475 2090 quibus

342 2113 468 2178 cellulis
489 2113 618 2200 lignum
641 2113 845 2178 Iamaicense
867 2117 968 2178 caret.

388 2219 481 2284 Odor
502 2203 630 2297 nullus;
655 2241 755 2305 sapor
777 2241 978 2305 peramarus.

386 2325 440 2391 Ad
462 2348 560 2391 usum
582 2326 842 2391 decorticatione
865 2348 933 2390 non
957 2348 1041 2411 opus
1065 2331 1126 2391 est.

389 2433 502 2498 Pulvis
533 2433 631 2518 Ligni
662 2433 824 2513 Quassiae
853 2433 1046 2499 combustus
1069 2433 1189 2499 cineris
1211 2454 1254 2496 ne
1278 2433 1475 2518 plusquam

345 2545 456 2624 partes
479 2541 678 2606 centesimas
703 2543 723 2605 8
746 2541 923 2625 relinquat.

530 2920 580 3019 -Ι-
615 2924 825 3042 lignum
860 2921 1201 3018 Santalinum

598 3102 738 3170 Rasnrs
761 3102 867 3185 tigni
892 3101 1072 3170 Santnllni
1097 3103 1215 3168 rubri.

388 3241 530 3328 Lignum
575 3243 664 3328 quod
709 3245 847 3329 praebet
881 3245 1175 3328 Pterocarpus
1210 3243 1472 3319 caniclinus,

344 3347 442 3413 LINN.
467 3348 491 3414 f.
517 3349 633 3434 Suppl.
659 3353 733 3428 318,
761 3351 925 3416 molitum.

386 3499 499 3564 Pulvis
537 3501 646 3578 ruber,
683 3501 802 3579 tenuis,
838 3500 930 3578 levis,
967 3501 1139 3579 floccosus,
1175 3499 1297 3585 partim
1332 3499 1475 3585 glebulis

343 3604 446 3670 laneis
468 3607 657 3671 cohaerens.

385 3713 613 3798 Microscopia.
656 3714 814 3778 Omnium
837 3715 1075 3779 elementorum
1098 3713 1473 3779 membranaciuscoru-

342 3817 429 3897 brae,
460 3819 597 3904 insuper
626 3821 662 3884 in
693 3820 874 3886 luminibus
905 3842 1003 3905 saepe
1025 3821 1282 3906 gummiresinae
1305 3821 1396 3905 globi
1419 3818 1474 3883 iu-

341 3927 490 3991 scorubri
531 3927 584 3991 vel
616 3949 745 3992 massae
775 3928 912 3994 alterius
943 3926 1080 3992 formae.
1128 3927 1247 3992 Fibrae
1270 3925 1473 3991 libriformes

343 4032 478 4110 solutae,
514 4055 656 4118 quarum
690 4035 814 4099 multae
849 4034 1039 4099 millimetra
1070 4038 1090 4098 4
1121 4034 1249 4119 longae,
1274 4033 1358 4097 aliae
1382 4037 1473 4097 totae

340 4139 486 4222 graciles,
531 4141 615 4205 aliae
649 4142 918 4207 extremitatibus
953 4141 1131 4225 gracilibus
1165 4148 1199 4205 et
1234 4144 1329 4224 parte
1364 4137 1473 4201 media

342 4243 414 4328 plus
446 4245 597 4311 minusve
620 4247 812 4333 cylindrica,
837 4246 1035 4325 tumefacta3
1060 4266 1299 4331 nonnunquam
1323 4242 1473 4308 fasciculi
