<?xml version="1.0" encoding="UTF-8"?>
<!DOCTYPE html PUBLIC "-//W3C//DTD XHTML 1.0 Transitional//EN"
    "http://www.w3.org/TR/xhtml1/DTD/xhtml1-transitional.dtd">
<html xmlns="http://www.w3.org/1999/xhtml" xml:lang="en" lang="en">
 <head>
  <title>
</title>
<meta http-equiv="Content-Type" content="text/html;charset=utf-8" />
  <meta name='ocr-system' content='tesseract 3.04.00' />
  <meta name='ocr-capabilities' content='ocr_page ocr_carea ocr_par ocr_line ocrx_word'/>
</head>
<body>
  <div class='ocr_page' id='page_1' title='image "./pharmocopoeaned00zakegoog_0224.png"; bbox 0 0 3584 5026; ppageno 0'>
   <div class='ocr_carea' id='block_1_1' title="bbox 856 472 920 535">
    <p class='ocr_par' dir='ltr' id='par_1_1' title="bbox 856 472 920 535">
     <span class='ocr_line' id='line_1_1' title="bbox 856 472 920 535; baseline 0.016 -1"><span class='ocrx_word' id='word_1_1' title='bbox 856 472 920 535; x_wconf 71' lang='lat'>193</span> 
     </span>
    </p>
   </div>
   <div class='ocr_carea' id='block_1_2' title="bbox 318 666 1451 1163">
    <p class='ocr_par' dir='ltr' id='par_1_2' title="bbox 320 666 1451 859">
     <span class='ocr_line' id='line_1_2' title="bbox 363 666 1451 756; baseline 0.005 -26"><span class='ocrx_word' id='word_1_2' title='bbox 363 666 547 732; x_wconf 83' lang='lat' dir='ltr'>Glandulae</span> <span class='ocrx_word' id='word_1_3' title='bbox 579 666 699 752; x_wconf 92' lang='lat' dir='ltr'>Lupuli</span> <span class='ocrx_word' id='word_1_4' title='bbox 729 667 924 753; x_wconf 79' lang='lat' dir='ltr'>quisquiliis,</span> <span class='ocrx_word' id='word_1_5' title='bbox 949 672 1111 754; x_wconf 92' lang='lat' dir='ltr'>quantum</span> <span class='ocrx_word' id='word_1_6' title='bbox 1134 667 1204 733; x_wconf 85' lang='lat' dir='ltr'>fieri</span> <span class='ocrx_word' id='word_1_7' title='bbox 1227 675 1349 755; x_wconf 89' lang='lat' dir='ltr'>potest,</span> <span class='ocrx_word' id='word_1_8' title='bbox 1373 691 1451 756; x_wconf 91' lang='lat' dir='ltr'>pur-</span> 
     </span>
     <span class='ocr_line' id='line_1_3' title="bbox 320 773 517 859; baseline 0.005 -20"><span class='ocrx_word' id='word_1_9' title='bbox 320 778 416 859; x_wconf 85' lang='lat' dir='ltr'>gatae</span> <span class='ocrx_word' id='word_1_10' title='bbox 439 773 517 840; x_wconf 89' lang='lat' dir='ltr'>sint.</span> 
     </span>
    </p>

    <p class='ocr_par' dir='ltr' id='par_1_3' title="bbox 318 880 1450 1075">
     <span class='ocr_line' id='line_1_4' title="bbox 360 880 1450 969; baseline 0.004 -23"><span class='ocrx_word' id='word_1_11' title='bbox 360 880 545 946; x_wconf 87' lang='lat' dir='ltr'>Glandulae</span> <span class='ocrx_word' id='word_1_12' title='bbox 568 881 690 966; x_wconf 91' lang='lat' dir='ltr'>Lupuli</span> <span class='ocrx_word' id='word_1_13' title='bbox 713 882 905 948; x_wconf 70' lang='lat' dir='ltr'><strong>combustae</strong></span> <span class='ocrx_word' id='word_1_14' title='bbox 927 883 1048 950; x_wconf 90' lang='lat' dir='ltr'>cineris</span> <span class='ocrx_word' id='word_1_15' title='bbox 1070 905 1113 949; x_wconf 91' lang='lat' dir='ltr'>ne</span> <span class='ocrx_word' id='word_1_16' title='bbox 1136 884 1211 969; x_wconf 91' lang='lat' dir='ltr'>plus</span> <span class='ocrx_word' id='word_1_17' title='bbox 1227 906 1326 969; x_wconf 90' lang='lat' dir='ltr'>quam</span> <span class='ocrx_word' id='word_1_18' title='bbox 1338 889 1450 969; x_wconf 84' lang='lat' dir='ltr'>partes</span> 
     </span>
     <span class='ocr_line' id='line_1_5' title="bbox 318 988 781 1075; baseline 0.004 -23"><span class='ocrx_word' id='word_1_19' title='bbox 318 988 514 1052; x_wconf 86' lang='lat' dir='ltr'>centesimas</span> <span class='ocrx_word' id='word_1_20' title='bbox 538 990 557 1053; x_wconf 89' lang='lat'><strong>6</strong></span> <span class='ocrx_word' id='word_1_21' title='bbox 580 989 781 1075; x_wconf 80' lang='lat' dir='ltr'>relinquant.</span> 
     </span>
    </p>

    <p class='ocr_par' dir='ltr' id='par_1_4' title="bbox 361 1093 990 1163">
     <span class='ocr_line' id='line_1_6' title="bbox 361 1093 990 1163; baseline 0.005 -5"><span class='ocrx_word' id='word_1_22' title='bbox 361 1094 392 1158; x_wconf 81' lang='lat' dir='ltr'>A</span> <span class='ocrx_word' id='word_1_23' title='bbox 413 1093 509 1161; x_wconf 85' lang='lat' dir='ltr'>luce</span> <span class='ocrx_word' id='word_1_24' title='bbox 531 1101 723 1162; x_wconf 89' lang='lat' dir='ltr'>remotae</span> <span class='ocrx_word' id='word_1_25' title='bbox 747 1104 990 1163; x_wconf 88' lang='lat' dir='ltr'>serventur.</span> 
     </span>
    </p>
   </div>
   <div class='ocr_carea' id='block_1_3' title="bbox 316 1567 1444 1832">
    <p class='ocr_par' dir='ltr' id='par_1_5' title="bbox 316 1567 1444 1832">
     <span class='ocr_line' id='line_1_7' title="bbox 700 1567 1064 1687; baseline 0 -26"><span class='ocrx_word' id='word_1_26' title='bbox 700 1567 920 1687; x_wconf 74' lang='lat' dir='ltr'>Glyceri</span> <span class='ocrx_word' id='word_1_27' title='bbox 936 1594 959 1660; x_wconf 86' lang='lat' dir='ltr'>n</span> <span class='ocrx_word' id='word_1_28' title='bbox 976 1595 998 1661; x_wconf 90' lang='lat' dir='ltr'>u</span> <span class='ocrx_word' id='word_1_29' title='bbox 1014 1595 1064 1661; x_wconf 85' lang='lat' dir='ltr'>m.</span> 
     </span>
     <span class='ocr_line' id='line_1_8' title="bbox 316 1743 1444 1832; baseline 0.002 -21"><span class='ocrx_word' id='word_1_30' title='bbox 316 1743 517 1832; x_wconf 59' lang='lat' dir='ltr'>03H5l&#39;0H)8</span> <span class='ocrx_word' id='word_1_31' title='bbox 538 1767 644 1832; x_wconf 87' lang='lat' dir='ltr'>aquae</span> <span class='ocrx_word' id='word_1_32' title='bbox 663 1750 776 1830; x_wconf 86' lang='lat' dir='ltr'>partes</span> <span class='ocrx_word' id='word_1_33' title='bbox 794 1745 992 1812; x_wconf 89' lang='lat' dir='ltr'>centesimas</span> <span class='ocrx_word' id='word_1_34' title='bbox 1014 1747 1087 1824; x_wconf 79' lang='lat'>12,7</span> <span class='ocrx_word' id='word_1_35' title='bbox 1108 1746 1151 1811; x_wconf 89' lang='lat' dir='ltr'>ad</span> <span class='ocrx_word' id='word_1_36' title='bbox 1172 1749 1246 1825; x_wconf 83' lang='lat'>14,5</span> <span class='ocrx_word' id='word_1_37' title='bbox 1259 1748 1444 1814; x_wconf 87' lang='lat' dir='ltr'>continens.</span> 
     </span>
    </p>
   </div>
   <div class='ocr_carea' id='block_1_4' title="bbox 359 1906 1444 1994">
    <p class='ocr_par' dir='ltr' id='par_1_6' title="bbox 359 1906 1444 1994">
     <span class='ocr_line' id='line_1_9' title="bbox 359 1906 1444 1994; baseline 0.004 -24"><span class='ocrx_word' id='word_1_38' title='bbox 359 1906 483 1993; x_wconf 91' lang='lat' dir='ltr'>Liquor</span> <span class='ocrx_word' id='word_1_39' title='bbox 516 1907 635 1984; x_wconf 84' lang='lat' dir='ltr'>clarus,</span> <span class='ocrx_word' id='word_1_40' title='bbox 664 1907 800 1992; x_wconf 90' lang='lat' dir='ltr'>spissus,</span> <span class='ocrx_word' id='word_1_41' title='bbox 826 1907 946 1971; x_wconf 85' lang='lat' dir='ltr'>eoloris</span> <span class='ocrx_word' id='word_1_42' title='bbox 970 1912 1004 1972; x_wconf 91' lang='lat' dir='ltr'>et</span> <span class='ocrx_word' id='word_1_43' title='bbox 1027 1906 1140 1972; x_wconf 89' lang='lat' dir='ltr'>odoris</span> <span class='ocrx_word' id='word_1_44' title='bbox 1163 1928 1290 1993; x_wconf 82' lang='lat' dir='ltr'>expers,</span> <span class='ocrx_word' id='word_1_45' title='bbox 1315 1910 1444 1994; x_wconf 89' lang='lat' dir='ltr'>saporis</span> 
     </span>
    </p>
   </div>
   <div class='ocr_carea' id='block_1_5' title="bbox 313 2012 1539 2100">
    <p class='ocr_par' dir='ltr' id='par_1_7' title="bbox 313 2012 1539 2100">
     <span class='ocr_line' id='line_1_10' title="bbox 313 2012 1539 2100; baseline 0.004 -24"><span class='ocrx_word' id='word_1_46' title='bbox 313 2012 427 2090; x_wconf 89' lang='lat' dir='ltr'>dulcis,</span> <span class='ocrx_word' id='word_1_47' title='bbox 463 2014 733 2099; x_wconf 84' lang='lat' dir='ltr'>hygroscopicus‚</span> <span class='ocrx_word' id='word_1_48' title='bbox 758 2013 824 2100; x_wconf 91' lang='lat' dir='ltr'>qui,</span> <span class='ocrx_word' id='word_1_49' title='bbox 848 2014 883 2077; x_wconf 92' lang='lat' dir='ltr'>in</span> <span class='ocrx_word' id='word_1_50' title='bbox 906 2035 981 2078; x_wconf 89' lang='lat' dir='ltr'>aere</span> <span class='ocrx_word' id='word_1_51' title='bbox 1004 2012 1194 2093; x_wconf 84' lang='lat' dir='ltr'>calefactus,</span> <span class='ocrx_word' id='word_1_52' title='bbox 1217 2015 1444 2094; x_wconf 85' lang='lat' dir='ltr'>inflammatur</span> <span class='ocrx_word' id='word_1_53' title='bbox 1535 2081 1539 2088; x_wconf 87' lang='grc'>,</span> 
     </span>
    </p>
   </div>
   <div class='ocr_carea' id='block_1_6' title="bbox 257 2121 1442 4136">
    <p class='ocr_par' dir='ltr' id='par_1_8' title="bbox 311 2121 1442 2520">
     <span class='ocr_line' id='line_1_11' title="bbox 313 2121 1442 2208; baseline 0.004 -24"><span class='ocrx_word' id='word_1_54' title='bbox 313 2125 355 2198; x_wconf 90' lang='lat' dir='ltr'>et,</span> <span class='ocrx_word' id='word_1_55' title='bbox 379 2125 478 2186; x_wconf 85' lang='lat' dir='ltr'>antea</span> <span class='ocrx_word' id='word_1_56' title='bbox 500 2143 568 2187; x_wconf 92' lang='lat' dir='ltr'>non</span> <span class='ocrx_word' id='word_1_57' title='bbox 583 2121 832 2196; x_wconf 69' lang='lat' dir='ltr'>carbonemque,</span> <span class='ocrx_word' id='word_1_58' title='bbox 855 2121 1070 2186; x_wconf 87' lang='lat' dir='ltr'>comburitur.</span> <span class='ocrx_word' id='word_1_59' title='bbox 1083 2121 1299 2208; x_wconf 86' lang='lat' dir='ltr'>Glycerinum</span> <span class='ocrx_word' id='word_1_60' title='bbox 1309 2129 1442 2208; x_wconf 86' lang='lat' dir='ltr'>equaet</span> 
     </span>
     <span class='ocr_line' id='line_1_12' title="bbox 313 2227 1442 2314; baseline 0.003 -24"><span class='ocrx_word' id='word_1_61' title='bbox 313 2227 432 2311; x_wconf 86' lang='lat' dir='ltr'>spiritu</span> <span class='ocrx_word' id='word_1_62' title='bbox 461 2248 523 2312; x_wconf 87' lang='lat' dir='ltr'>pro</span> <span class='ocrx_word' id='word_1_63' title='bbox 557 2229 675 2314; x_wconf 89' lang='lat' dir='ltr'>quavis</span> <span class='ocrx_word' id='word_1_64' title='bbox 706 2229 859 2312; x_wconf 83' lang='lat' dir='ltr'>pontione</span> <span class='ocrx_word' id='word_1_65' title='bbox 882 2227 1012 2293; x_wconf 76' lang='lat' dir='ltr'>misceri</span> <span class='ocrx_word' id='word_1_66' title='bbox 1034 2234 1156 2313; x_wconf 90' lang='lat' dir='ltr'>potest,</span> <span class='ocrx_word' id='word_1_67' title='bbox 1180 2229 1216 2292; x_wconf 93' lang='lat' dir='ltr'>in</span> <span class='ocrx_word' id='word_1_68' title='bbox 1238 2230 1381 2306; x_wconf 88' lang='lat' dir='ltr'>aethere,</span> <span class='ocrx_word' id='word_1_69' title='bbox 1407 2230 1442 2293; x_wconf 95' lang='lat' dir='ltr'>in</span> 
     </span>
     <span class='ocr_line' id='line_1_13' title="bbox 311 2333 1442 2421; baseline 0.004 -24"><span class='ocrx_word' id='word_1_70' title='bbox 311 2333 544 2413; x_wconf 80' lang='lat' dir='ltr'>chloroform0,</span> <span class='ocrx_word' id='word_1_71' title='bbox 567 2335 603 2399; x_wconf 92' lang='lat' dir='ltr'>in</span> <span class='ocrx_word' id='word_1_72' title='bbox 625 2334 708 2399; x_wconf 89' lang='lat' dir='ltr'>cleis</span> <span class='ocrx_word' id='word_1_73' title='bbox 730 2333 910 2420; x_wconf 85' lang='lat' dir='ltr'>pinguibus</span> <span class='ocrx_word' id='word_1_74' title='bbox 928 2356 996 2400; x_wconf 91' lang='lat' dir='ltr'>nou</span> <span class='ocrx_word' id='word_1_75' title='bbox 1015 2334 1166 2400; x_wconf 87' lang='lat' dir='ltr'>solvitur.</span> <span class='ocrx_word' id='word_1_76' title='bbox 1191 2335 1326 2400; x_wconf 87' lang='lat' dir='ltr'>Pondus</span> <span class='ocrx_word' id='word_1_77' title='bbox 1339 2337 1442 2421; x_wconf 90' lang='lat' dir='ltr'>speci-</span> 
     </span>
     <span class='ocr_line' id='line_1_14' title="bbox 311 2441 727 2520; baseline 0.005 -15"><span class='ocrx_word' id='word_1_78' title='bbox 311 2441 408 2506; x_wconf 88' lang='lat' dir='ltr'>ficum</span> <span class='ocrx_word' id='word_1_79' title='bbox 434 2443 531 2520; x_wconf 85' lang='lat'>1,230</span> <span class='ocrx_word' id='word_1_80' title='bbox 553 2442 596 2507; x_wconf 90' lang='lat' dir='ltr'>ad</span> <span class='ocrx_word' id='word_1_81' title='bbox 621 2445 727 2519; x_wconf 63' lang='lat'>1235.</span> 
     </span>
    </p>

    <p class='ocr_par' dir='ltr' id='par_1_9' title="bbox 308 2548 1440 3061">
     <span class='ocr_line' id='line_1_15' title="bbox 355 2548 1440 2634; baseline 0.003 -22"><span class='ocrx_word' id='word_1_82' title='bbox 355 2548 569 2634; x_wconf 82' lang='lat' dir='ltr'>Glycerinum</span> <span class='ocrx_word' id='word_1_83' title='bbox 592 2569 697 2634; x_wconf 87' lang='lat' dir='ltr'>aquae</span> <span class='ocrx_word' id='word_1_84' title='bbox 716 2549 941 2614; x_wconf 83' lang='lat' dir='ltr'>voluminibus</span> <span class='ocrx_word' id='word_1_85' title='bbox 954 2551 973 2613; x_wconf 89' lang='grc'><strong>6</strong></span> <span class='ocrx_word' id='word_1_86' title='bbox 986 2548 1128 2614; x_wconf 87' lang='lat' dir='ltr'>mixtum</span> <span class='ocrx_word' id='word_1_87' title='bbox 1140 2549 1274 2626; x_wconf 86' lang='lat' dir='ltr'>clarum,</span> <span class='ocrx_word' id='word_1_88' title='bbox 1288 2550 1440 2615; x_wconf 78' lang='lat' dir='ltr'>neutrius</span> 
     </span>
     <span class='ocr_line' id='line_1_16' title="bbox 310 2655 1439 2740; baseline 0.004 -23"><span class='ocrx_word' id='word_1_89' title='bbox 310 2655 488 2720; x_wconf 89' lang='lat' dir='ltr'>reactionis</span> <span class='ocrx_word' id='word_1_90' title='bbox 519 2655 573 2734; x_wconf 88' lang='lat' dir='ltr'>sit,</span> <span class='ocrx_word' id='word_1_91' title='bbox 604 2678 646 2720; x_wconf 91' lang='lat' dir='ltr'>ne</span> <span class='ocrx_word' id='word_1_92' title='bbox 676 2655 791 2720; x_wconf 87' lang='lat' dir='ltr'>addito</span> <span class='ocrx_word' id='word_1_93' title='bbox 814 2655 909 2722; x_wconf 86' lang='lat' dir='ltr'>acido</span> <span class='ocrx_word' id='word_1_94' title='bbox 933 2655 1203 2740; x_wconf 84' lang='lat' dir='ltr'>hydrosulfurico</span> <span class='ocrx_word' id='word_1_95' title='bbox 1225 2678 1312 2721; x_wconf 87' lang='lat' dir='ltr'>neve</span> <span class='ocrx_word' id='word_1_96' title='bbox 1335 2655 1439 2722; x_wconf 83' lang='lat' dir='ltr'>sulio-</span> 
     </span>
     <span class='ocr_line' id='line_1_17' title="bbox 310 2761 1438 2845; baseline 0.006 -23"><span class='ocrx_word' id='word_1_97' title='bbox 310 2761 451 2845; x_wconf 81' lang='lat' dir='ltr'>hydmte</span> <span class='ocrx_word' id='word_1_98' title='bbox 485 2763 671 2828; x_wconf 91' lang='lat' dir='ltr'>ammonico</span> <span class='ocrx_word' id='word_1_99' title='bbox 704 2783 788 2826; x_wconf 87' lang='lat' dir='ltr'>neve</span> <span class='ocrx_word' id='word_1_100' title='bbox 822 2763 953 2828; x_wconf 66' lang='lat' dir='ltr'>oxelare</span> <span class='ocrx_word' id='word_1_101' title='bbox 983 2763 1169 2828; x_wconf 88' lang='lat' dir='ltr'>ammonico</span> <span class='ocrx_word' id='word_1_102' title='bbox 1199 2783 1283 2827; x_wconf 86' lang='lat' dir='ltr'>neve</span> <span class='ocrx_word' id='word_1_103' title='bbox 1314 2765 1438 2829; x_wconf 87' lang='lat' dir='ltr'>nitrate</span> 
     </span>
     <span class='ocr_line' id='line_1_18' title="bbox 309 2865 1439 2954; baseline 0.002 -22"><span class='ocrx_word' id='word_1_104' title='bbox 309 2865 460 2952; x_wconf 83' lang='lat' dir='ltr'>berytico</span> <span class='ocrx_word' id='word_1_105' title='bbox 473 2870 615 2954; x_wconf 86' lang='lat' dir='ltr'>speciem</span> <span class='ocrx_word' id='word_1_106' title='bbox 626 2873 735 2933; x_wconf 90' lang='lat' dir='ltr'>mutet</span> <span class='ocrx_word' id='word_1_107' title='bbox 746 2890 830 2933; x_wconf 89' lang='lat' dir='ltr'>neve</span> <span class='ocrx_word' id='word_1_108' title='bbox 842 2869 957 2934; x_wconf 88' lang='lat' dir='ltr'>addito</span> <span class='ocrx_word' id='word_1_109' title='bbox 969 2869 1092 2934; x_wconf 88' lang='lat' dir='ltr'>nitrate</span> <span class='ocrx_word' id='word_1_110' title='bbox 1103 2869 1276 2954; x_wconf 86' lang='lat' dir='ltr'>argentico</span> <span class='ocrx_word' id='word_1_111' title='bbox 1283 2869 1439 2936; x_wconf 89' lang='lat' dir='ltr'>turbetur</span> 
     </span>
     <span class='ocr_line' id='line_1_19' title="bbox 308 2973 943 3061; baseline 0.006 -25"><span class='ocrx_word' id='word_1_112' title='bbox 308 2973 396 3038; x_wconf 90' lang='lat' dir='ltr'>intra</span> <span class='ocrx_word' id='word_1_113' title='bbox 418 2975 520 3040; x_wconf 91' lang='lat' dir='ltr'>horae</span> <span class='ocrx_word' id='word_1_114' title='bbox 542 2981 671 3060; x_wconf 86' lang='lat' dir='ltr'>partem</span> <span class='ocrx_word' id='word_1_115' title='bbox 694 2976 943 3061; x_wconf 81' lang='lat' dir='ltr'>sexagesimam.</span> 
     </span>
    </p>

    <p class='ocr_par' dir='ltr' id='par_1_10' title="bbox 307 3079 1438 3381">
     <span class='ocr_line' id='line_1_20' title="bbox 351 3079 1438 3166; baseline 0.005 -22"><span class='ocrx_word' id='word_1_116' title='bbox 351 3079 521 3166; x_wconf 86' lang='lat' dir='ltr'>Glycerini</span> <span class='ocrx_word' id='word_1_117' title='bbox 555 3081 787 3148; x_wconf 74' lang='lat' dir='ltr'>centimetrum</span> <span class='ocrx_word' id='word_1_118' title='bbox 821 3083 971 3149; x_wconf 88' lang='lat' dir='ltr'>cubicum</span> <span class='ocrx_word' id='word_1_119' title='bbox 1008 3087 1036 3160; x_wconf 91' lang='lat'>1,</span> <span class='ocrx_word' id='word_1_120' title='bbox 1069 3103 1137 3148; x_wconf 88' lang='lat' dir='ltr'>una</span> <span class='ocrx_word' id='word_1_121' title='bbox 1163 3104 1238 3148; x_wconf 91' lang='lat' dir='ltr'>cum</span> <span class='ocrx_word' id='word_1_122' title='bbox 1261 3083 1438 3149; x_wconf 85' lang='lat' dir='ltr'>solutionis</span> 
     </span>
     <span class='ocr_line' id='line_1_21' title="bbox 309 3185 1437 3270; baseline 0.007 -22"><span class='ocrx_word' id='word_1_123' title='bbox 309 3185 461 3270; x_wconf 87' lang='lat' dir='ltr'>hydratis</span> <span class='ocrx_word' id='word_1_124' title='bbox 494 3189 614 3254; x_wconf 78' lang='lat' dir='ltr'>nutrici</span> <span class='ocrx_word' id='word_1_125' title='bbox 636 3189 841 3254; x_wconf 84' lang='lat' dir='ltr'>centimetm&#39;s</span> <span class='ocrx_word' id='word_1_126' title='bbox 863 3189 987 3255; x_wconf 90' lang='lat' dir='ltr'>cubicis</span> <span class='ocrx_word' id='word_1_127' title='bbox 1010 3194 1030 3253; x_wconf 87' lang='lat'>5</span> <span class='ocrx_word' id='word_1_128' title='bbox 1053 3188 1260 3267; x_wconf 80' lang='lat' dir='ltr'>calefactum,</span> <span class='ocrx_word' id='word_1_129' title='bbox 1284 3213 1327 3254; x_wconf 91' lang='lat' dir='ltr'>ue</span> <span class='ocrx_word' id='word_1_130' title='bbox 1349 3191 1437 3257; x_wconf 90' lang='lat' dir='ltr'>colo·</span> 
     </span>
     <span class='ocr_line' id='line_1_22' title="bbox 307 3295 1436 3381; baseline 0.007 -25"><span class='ocrx_word' id='word_1_131' title='bbox 307 3298 398 3357; x_wconf 87' lang='lat' dir='ltr'>retur</span> <span class='ocrx_word' id='word_1_132' title='bbox 425 3295 621 3380; x_wconf 61' lang='lat' dir='ltr'>(plumeam)</span> <span class='ocrx_word' id='word_1_133' title='bbox 644 3317 728 3360; x_wconf 87' lang='lat' dir='ltr'>neve</span> <span class='ocrx_word' id='word_1_134' title='bbox 751 3317 892 3381; x_wconf 77' lang='lat' dir='ltr'>vapores</span> <span class='ocrx_word' id='word_1_135' title='bbox 912 3296 1091 3363; x_wconf 89' lang='lat' dir='ltr'>reactionis</span> <span class='ocrx_word' id='word_1_136' title='bbox 1113 3295 1272 3361; x_wconf 85' lang='lat' dir='ltr'>alcalinae</span> <span class='ocrx_word' id='word_1_137' title='bbox 1294 3297 1436 3365; x_wconf 90' lang='lat' dir='ltr'>emittat.</span> 
     </span>
    </p>

    <p class='ocr_par' dir='ltr' id='par_1_11' title="bbox 307 3399 1436 3697">
     <span class='ocr_line' id='line_1_23' title="bbox 351 3399 1436 3484; baseline 0.005 -20"><span class='ocrx_word' id='word_1_138' title='bbox 351 3399 521 3484; x_wconf 82' lang='lat' dir='ltr'>Glycerini</span> <span class='ocrx_word' id='word_1_139' title='bbox 554 3401 751 3468; x_wconf 89' lang='lat' dir='ltr'>centimetra</span> <span class='ocrx_word' id='word_1_140' title='bbox 784 3403 899 3469; x_wconf 90' lang='lat' dir='ltr'>cubica</span> <span class='ocrx_word' id='word_1_141' title='bbox 934 3406 963 3482; x_wconf 81' lang='lat'>2,</span> <span class='ocrx_word' id='word_1_142' title='bbox 987 3423 1055 3468; x_wconf 91' lang='lat' dir='ltr'>una</span> <span class='ocrx_word' id='word_1_143' title='bbox 1077 3425 1152 3469; x_wconf 87' lang='lat' dir='ltr'>oum</span> <span class='ocrx_word' id='word_1_144' title='bbox 1175 3403 1261 3469; x_wconf 87' lang='lat' dir='ltr'>acidi</span> <span class='ocrx_word' id='word_1_145' title='bbox 1285 3403 1436 3470; x_wconf 83' lang='lat' dir='ltr'>sulfuriei</span> 
     </span>
     <span class='ocr_line' id='line_1_24' title="bbox 307 3503 1435 3588; baseline 0.008 -21"><span class='ocrx_word' id='word_1_146' title='bbox 307 3503 403 3572; x_wconf 91' lang='lat' dir='ltr'>diluti</span> <span class='ocrx_word' id='word_1_147' title='bbox 426 3508 630 3573; x_wconf 84' lang='lat' dir='ltr'>centimetris</span> <span class='ocrx_word' id='word_1_148' title='bbox 653 3509 778 3575; x_wconf 91' lang='lat' dir='ltr'>cubicis</span> <span class='ocrx_word' id='word_1_149' title='bbox 802 3513 821 3574; x_wconf 91' lang='lat'><strong>5</strong></span> <span class='ocrx_word' id='word_1_150' title='bbox 844 3509 1014 3588; x_wconf 87' lang='lat' dir='ltr'>calefacta,</span> <span class='ocrx_word' id='word_1_151' title='bbox 1029 3509 1165 3574; x_wconf 88' lang='lat' dir='ltr'>odorem</span> <span class='ocrx_word' id='word_1_152' title='bbox 1187 3509 1377 3576; x_wconf 85' lang='lat' dir='ltr'>sebacinum</span> <span class='ocrx_word' id='word_1_153' title='bbox 1392 3533 1435 3576; x_wconf 91' lang='lat' dir='ltr'>ne</span> 
     </span>
     <span class='ocr_line' id='line_1_25' title="bbox 307 3619 475 3697; baseline 0.024 -23"><span class='ocrx_word' id='word_1_154' title='bbox 307 3619 475 3697; x_wconf 84' lang='lat' dir='ltr'>spargant.</span> 
     </span>
    </p>

    <p class='ocr_par' dir='ltr' id='par_1_12' title="bbox 257 3719 1435 4136">
     <span class='ocr_line' id='line_1_26' title="bbox 349 3719 1435 3810; baseline 0.006 -28"><span class='ocrx_word' id='word_1_155' title='bbox 349 3719 418 3783; x_wconf 77' lang='lat' dir='ltr'>Gan</span> <span class='ocrx_word' id='word_1_156' title='bbox 451 3721 562 3786; x_wconf 89' lang='lat' dir='ltr'>oriens</span> <span class='ocrx_word' id='word_1_157' title='bbox 596 3744 613 3786; x_wconf 91' lang='lat' dir='ltr'>e</span> <span class='ocrx_word' id='word_1_158' title='bbox 647 3723 731 3788; x_wconf 87' lang='lat' dir='ltr'>zinci</span> <span class='ocrx_word' id='word_1_159' title='bbox 765 3721 876 3788; x_wconf 74' lang='lat' dir='ltr'>frusto</span> <span class='ocrx_word' id='word_1_160' title='bbox 898 3729 1056 3810; x_wconf 86' lang='lat' dir='ltr'>reagents</span> <span class='ocrx_word' id='word_1_161' title='bbox 1078 3723 1114 3787; x_wconf 93' lang='lat' dir='ltr'>in</span> <span class='ocrx_word' id='word_1_162' title='bbox 1137 3722 1243 3789; x_wconf 86' lang='lat' dir='ltr'>mixta</span> <span class='ocrx_word' id='word_1_163' title='bbox 1265 3723 1435 3809; x_wconf 88' lang='lat' dir='ltr'>Glycerini</span> 
     </span>
     <span class='ocr_line' id='line_1_27' title="bbox 305 3825 1434 3896; baseline 0.005 -7"><span class='ocrx_word' id='word_1_164' title='bbox 305 3825 499 3892; x_wconf 87' lang='lat' dir='ltr'>centimetra</span> <span class='ocrx_word' id='word_1_165' title='bbox 532 3828 648 3894; x_wconf 87' lang='lat' dir='ltr'>cubica</span> <span class='ocrx_word' id='word_1_166' title='bbox 683 3831 702 3892; x_wconf 81' lang='lat'><strong>2</strong></span> <span class='ocrx_word' id='word_1_167' title='bbox 737 3833 772 3894; x_wconf 90' lang='lat' dir='ltr'>et</span> <span class='ocrx_word' id='word_1_168' title='bbox 805 3830 891 3896; x_wconf 87' lang='lat' dir='ltr'>acidi</span> <span class='ocrx_word' id='word_1_169' title='bbox 925 3829 1076 3896; x_wconf 86' lang='lat' dir='ltr'>suliurici</span> <span class='ocrx_word' id='word_1_170' title='bbox 1109 3829 1208 3895; x_wconf 91' lang='lat' dir='ltr'>diluti</span> <span class='ocrx_word' id='word_1_171' title='bbox 1238 3829 1434 3895; x_wconf 89' lang='lat' dir='ltr'>centimetra</span> 
     </span>
     <span class='ocr_line' id='line_1_28' title="bbox 305 3931 1434 4023; baseline 0.004 -27"><span class='ocrx_word' id='word_1_172' title='bbox 305 3931 418 3998; x_wconf 86' lang='lat' dir='ltr'>cubica</span> <span class='ocrx_word' id='word_1_173' title='bbox 451 3939 471 3998; x_wconf 87' lang='lat'>5</span> <span class='ocrx_word' id='word_1_174' title='bbox 506 3935 655 4001; x_wconf 82' lang='lat' dir='ltr'>chartam</span> <span class='ocrx_word' id='word_1_175' title='bbox 688 3936 844 4014; x_wconf 91' lang='lat' dir='ltr'>bibulam,</span> <span class='ocrx_word' id='word_1_176' title='bbox 880 3937 1029 4002; x_wconf 90' lang='lat' dir='ltr'>chloreto</span> <span class='ocrx_word' id='word_1_177' title='bbox 1060 3936 1302 4023; x_wconf 84' lang='lat' dir='ltr'>hydrargyrico</span> <span class='ocrx_word' id='word_1_178' title='bbox 1325 3938 1434 4001; x_wconf 91' lang='lat' dir='ltr'>made·</span> 
     </span>
     <span class='ocr_line' id='line_1_29' title="bbox 257 4036 1360 4136; baseline 0.005 -35"><span class='ocrx_word' id='word_1_179' title='bbox 257 4123 266 4136; x_wconf 34' lang='grc' dir='ltr'>ι</span> <span class='ocrx_word' id='word_1_180' title='bbox 304 4036 435 4118; x_wconf 82' lang='lat' dir='ltr'>factam,</span> <span class='ocrx_word' id='word_1_181' title='bbox 459 4040 581 4107; x_wconf 88' lang='lat' dir='ltr'>flavam</span> <span class='ocrx_word' id='word_1_182' title='bbox 605 4064 647 4108; x_wconf 92' lang='lat' dir='ltr'>ne</span> <span class='ocrx_word' id='word_1_183' title='bbox 669 4043 788 4108; x_wconf 88' lang='lat' dir='ltr'>reddat</span> <span class='ocrx_word' id='word_1_184' title='bbox 810 4045 900 4110; x_wconf 90' lang='lat' dir='ltr'>intra</span> <span class='ocrx_word' id='word_1_185' title='bbox 923 4044 1023 4110; x_wconf 86' lang='lat' dir='ltr'>horae</span> <span class='ocrx_word' id='word_1_186' title='bbox 1046 4048 1175 4130; x_wconf 82' lang='lat' dir='ltr'>partem</span> <span class='ocrx_word' id='word_1_187' title='bbox 1196 4046 1360 4127; x_wconf 87' lang='lat' dir='ltr'>quartam.</span> 
     </span>
    </p>
   </div>
   <div class='ocr_carea' id='block_1_7' title="bbox 770 4251 971 4265">
    <p class='ocr_par' dir='ltr' id='par_1_13' title="bbox 770 4251 971 4265">
     <span class='ocr_line' id='line_1_30' title="bbox 770 4251 971 4265; baseline 0 -3"><span class='ocrx_word' id='word_1_188' title='bbox 770 4251 971 4265; x_wconf 66' lang='lat' dir='ltr'>nnn--n———u</span> 
     </span>
    </p>
   </div>
   <div class='ocr_carea' id='block_1_8' title="bbox 1350 4350 1383 4403">
    <p class='ocr_par' dir='ltr' id='par_1_14' title="bbox 1350 4350 1383 4403">
     <span class='ocr_line' id='line_1_31' title="bbox 1350 4350 1383 4403; baseline 0 0"><span class='ocrx_word' id='word_1_189' title='bbox 1350 4350 1383 4403; x_wconf 82' lang='lat'>15</span> 
     </span>
    </p>
   </div>
   <div class='ocr_carea' id='block_1_9' title="bbox 0 0 1796 5026">
    <p class='ocr_par' dir='ltr' id='par_1_15' title="bbox 0 0 1796 5026">
     <span class='ocr_line' id='line_1_32' title="bbox 0 0 1796 5026; baseline 0 7"><span class='ocrx_word' id='word_1_190' title='bbox 0 0 1796 5026; x_wconf 95' lang='lat' dir='ltr'> </span> 
     </span>
    </p>
   </div>
  </div>
 </body>
</html>
