3466 5038
1316 514 1393 562 XVII

271 699 396 764 tubulo
430 695 595 782 capillati,
630 696 723 760 cuius
754 694 861 758 altera
883 694 1077 759 extremitas
1099 693 1281 779 liquefacta
1303 695 1415 758 clausa

275 811 339 883 est,
363 805 487 890 quique
510 803 556 868 ad
580 801 863 878 thermometrum‚
888 801 946 866 ubi
969 800 1060 865 bulla
1082 801 1210 886 incipit,
1223 800 1342 864 affixus
1354 805 1415 878 est,

277 913 328 976 ita
362 911 493 976 calefiat
527 909 583 973 vel
616 907 779 984 fervefiat,
815 913 853 972 ut
887 908 1116 972 thermometn'
1150 907 1265 972 tabula
1298 908 1415 990 calore,

280 1027 445 1104 quantum
468 1019 593 1102 potest,
617 1016 795 1080 conveniat
818 1036 893 1079 cum
916 1015 1023 1078 calore
1047 1014 1166 1081 bullae.

326 1125 402 1205 Quo
425 1123 534 1208 gradu
557 1123 677 1188 caloris
700 1123 815 1206 adipes
839 1130 873 1187 et
895 1143 1035 1206 corpora
1058 1123 1197 1206 adiposa
1220 1121 1415 1206 liquescent,

283 1254 322 1296 ea
344 1232 476 1295 ratione
500 1229 670 1306 statuitur,
691 1233 730 1293 ut
749 1229 908 1293 materiae
920 1228 1119 1313 liquefactae
1131 1250 1235 1313 parve
1247 1228 1417 1313 quantitas

284 1342 319 1404 in
343 1339 498 1404 tubulum
522 1337 705 1424 parietibus
728 1338 895 1414 tenuibus,
920 1337 1086 1422 utrimque
1109 1341 1270 1421 apertum,
1294 1337 1417 1399 immit-

285 1453 384 1511 tetur.
410 1447 492 1510 Post
516 1446 617 1509 horas
642 1447 683 1508 24
709 1444 855 1522 tubulus
880 1444 924 1508 ad
947 1445 1232 1520 thermometrum,
1258 1444 1316 1507 ubi
1329 1443 1418 1507 bulle

284 1554 411 1638 incipit,
448 1553 579 1636 affixus,
613 1552 648 1615 in
683 1552 856 1636 glycerine
890 1550 998 1615 calefit
1033 1550 1112 1614 dum
1135 1550 1244 1635 adipis
1266 1550 1419 1614 columne
1516 1573 1526 1590 ·

286 1659 456 1743 perlucida
479 1659 570 1724 iacta
593 1658 638 1722 sit
661 1665 694 1722 et
718 1658 890 1743 glycerino
913 1657 1060 1721 tollatur.

330 1875 361 1936 8.
398 1872 473 1951 Quo
511 1871 618 1956 gradu
651 1871 771 1936 celcris
805 1870 961 1935 materies
983 1869 1145 1956 quaedam
1169 1870 1356 1946 solidescet,
1381 1891 1420 1932 ea

285 1979 416 2043 ratione
450 1978 622 2054 statuitur,
654 1983 693 2041 ut
720 1977 878 2040 materiae
902 1977 1097 2041 centimetra
1121 1976 1236 2040 cubica
1259 1975 1420 2039 nonnulle

287 2085 321 2147 in
355 2084 438 2149 tubo
469 2085 578 2148 vitreo
608 2083 788 2168 liquefiant,
812 2083 848 2146 in
871 2103 1014 2147 massam
1037 2082 1252 2168 liquefactum
1276 2084 1420 2146 thermo-

289 2197 432 2254 metrum
468 2189 686 2274 immergatur
720 2195 820 2275 atque
851 2189 953 2254 tubus
977 2211 1052 2254 curn
1074 2191 1126 2266 iis,
1152 2211 1236 2274 quae
1258 2189 1419 2264 continet,

288 2297 323 2359 in
346 2296 467 2360 balneo
492 2297 579 2360 aeris
602 2297 655 2360 vel
678 2317 794 2380 aquae,
815 2297 992 2381 sepositus,
1013 2295 1421 2381 refrigescatpauloinfra

290 2405 408 2468 caloris
432 2403 676 2490 gradumque
699 2404 855 2468 materies
879 2402 1076 2468 solidescere
1098 2409 1246 2488 putatur.
1282 2403 1421 2466 Initium

290 2511 511 2576 solidescendi
545 2510 583 2574 fit
617 2511 777 2575 materiae
814 2511 974 2595 crystallo
1008 2511 1179 2588 immisso;
1215 2531 1280 2594 quo
1314 2509 1422 2594 gradu

290 2617 409 2682 caloris
420 2617 577 2681 materies
590 2617 768 2693 solidescit,
782 2617 810 2680 is
823 2618 974 2694 sumitur,
985 2617 1211 2702 quocolumna
1220 2615 1423 2702 hydrargyri

291 2724 452 2810 temporis
475 2729 599 2808 puncta
623 2745 727 2808 pauca
750 2725 927 2788 immutate
950 2729 1029 2788 stat.

337 2939 367 2999 9.
403 2936 479 3014 Quo
518 2935 625 3021 gradu
659 2936 778 3000 caloris
812 2937 968 3000 materies
1003 2936 1166 3020 quaedam
1201 2936 1348 3012 ebulliat,
1384 2958 1423 3000 ca

290 3043 421 3132 ratione
445 3043 615 3120 statuitur,
640 3048 678 3106 ut
701 3043 856 3108 materies
874 3044 922 3106 ite
934 3043 1130 3120 destilletur‚
1143 3047 1182 3106 ut
1193 3044 1423 3108 thermometri

292 3149 383 3212 bulla
416 3153 450 3212 et
484 3147 638 3212 columna
671 3148 875 3233 hydrargyri
907 3169 1030 3233 vapore
1064 3149 1202 3233 liquoris
1235 3148 1423 3213 ebullientis

290 3255 438 3340 undiquc
460 3255 717 3319 circumdentur.

338 3359 468 3426 Celeris
491 3361 626 3446 gradus,
651 3363 771 3447 quibus
794 3384 934 3448 corpora
957 3362 1094 3427 ebullire
1117 3363 1316 3440 indicentur,
1340 3363 1424 3426 reie-

291 3475 413 3532 runtur
436 3467 480 3532 ad
504 3467 730 3533 barometrum
753 3470 944 3534 millimetra
969 3470 1032 3534 760
1056 3470 1216 3534 indicans.

340 3682 391 3743 10.
426 3679 497 3744 Ubi
524 3679 681 3764 leguntur
703 3680 865 3746 vocabula
889 3703 994 3766 „quae
1017 3685 1225 3766 supererunt,
1249 3681 1426 3766 ponderari

292 3787 483 3871 nequeant''
520 3786 571 3850 ite
605 3793 680 3852 sunt
713 3787 946 3872 intellegenda,
977 3793 1016 3852 ut
1038 3788 1169 3874 pondus
1193 3809 1317 3864 eorum,
1342 3809 1425 3872 quae

293 3897 505 3976 supererunt,
531 3891 579 3955 sit
600 3894 706 3958 minus
729 3915 829 3980 quarn
851 3894 1129 3979 milligremmatis
1155 3899 1184 3958 1.

338 3997 416 4062 Nisi
428 3998 523 4062 aliud
534 3997 714 4064 indicatum
725 4001 990 4079 est,reactiones‚
1001 4001 1120 4086 quibus
1133 4001 1260 4086 puritas
1268 3999 1427 4062 materiae

295 4103 471 4168 cuiusdam
504 4103 670 4183 statuitur,
697 4105 871 4172 faciendae
893 4114 972 4170 sunt
995 4129 1055 4192 per
1076 4107 1215 4192 liquoris
1237 4104 1428 4189 inquirendi

296 4211 496 4274 centimetre
520 4206 635 4272 cubica
657 4215 675 4275 5
699 4219 733 4278 et
755 4213 925 4297 reagentis
949 4218 1063 4298 ffirttes
1087 4214 1117 4277 3.
