3584 5026
868 476 931 538 230

656 669 849 763 tactas
881 670 1142 764 terrosus.

723 845 1082 934 (officinarum.

379 990 522 1056 Crustee
552 990 775 1076 crystallinae,
807 991 882 1076 plus
916 989 1069 1054 minusve
1089 990 1306 1056 viridiflevee.
1341 991 1461 1056 Lectos

333 1098 482 1163 ferrosus
513 1099 549 1160 in
586 1119 692 1182 equae
725 1096 878 1182 pertibus
907 1095 979 1161 iere
1006 1099 1048 1162 40
1080 1097 1223 1161 solvitur
1244 1098 1279 1161 in
1302 1097 1463 1184 liquorem

332 1204 565 1283 viridifluvum,
589 1203 760 1290 paululum
784 1202 964 1282 turbidum,
988 1202 1108 1268 leviter
1130 1203 1270 1281 ecidum,
1293 1204 1330 1268 in
1343 1203 1463 1289 spiritu

331 1310 403 1377 lere
426 1333 495 1375 non
518 1311 670 1376 solvitur.

376 1419 496 1485 Lectus
527 1417 676 1483 ferrosus
698 1418 735 1481 in
757 1439 844 1502 eque
874 1419 908 1503 (1
924 1444 957 1478 =
971 1419 1029 1501 50)
1060 1417 1200 1494 solutus,
1229 1417 1344 1481 addito
1366 1415 1462 1481 ferri-

330 1531 473 1612 cyaneto
492 1527 611 1604 kelico,
632 1525 886 1611 praecipitatum
906 1524 1045 1588 obscure
1056 1522 1242 1590 coeruleum
1254 1522 1401 1610 deponit.
1421 1524 1463 1587 In

332 1633 427 1699 acido
450 1632 610 1699 sulfurico
629 1632 736 1698 diluto
751 1633 785 1717 (1
802 1658 836 1690 ;
851 1631 908 1713 10)
919 1631 1059 1708 solutus,
1075 1629 1191 1694 eddito
1203 1635 1462 1715 permengenute

331 1741 451 1819 kelico‚
478 1739 679 1825 eldehydum
703 1738 837 1804 emittit.

376 1847 417 1911 In
440 1868 527 1933 eque
550 1848 705 1931 (1:50)
727 1845 867 1924 solutus,
892 1844 1011 1910 deinde
1030 1844 1185 1923 filtmtnn,
1206 1844 1321 1910 eddito
1334 1849 1462 1910 ecetete

331 1954 508 2040 plumbi00‚
540 1958 673 2018 tentum
702 1953 822 2017 leviter
850 1952 1027 2036 opelesoet‚
1059 1951 1182 2017 additis
1214 1951 1308 2017 ecido
1339 1950 1462 2036 hydro-

330 2061 476 2127 chlorico
499 2060 607 2125 diluto
629 2063 664 2124 et
689 2059 784 2123 acido
808 2057 1088 2144 hydrosulfurico,
1113 2059 1256 2145 speciem
1278 2081 1320 2123 ne
1343 2063 1460 2123 mutet.

331 2167 525 2234 Solutorum
548 2167 781 2232 centimetrum
803 2165 994 2231 cubicorum
1016 2168 1056 2229 10
1075 2166 1326 2232 unacumecidi
1339 2165 1462 2250 hydro·

329 2275 465 2340 chlorici
487 2275 684 2340 centimetro
707 2272 823 2339 cubico
848 2276 865 2336 1
886 2294 946 2358 per
964 2274 1066 2337 horee
1084 2277 1214 2357 purtem
1233 2273 1460 2339 duodecimum

329 2387 562 2452 concoctorum
585 2385 628 2458 et,
653 2402 728 2445 cum
748 2378 950 2459 refrixerint,
975 2380 1151 2445 solutionis
1175 2379 1327 2465 hydretis
1342 2379 1463 2445 netrici

328 2489 533 2554 centimetris
554 2488 679 2554 cubicis
699 2492 718 2552 5
737 2487 919 2553 mixtorum
936 2487 1072 2565 filtrum,
1095 2487 1258 2553 calefacta
1272 2486 1351 2552 dum
1371 2486 1462 2552 ebul-

328 2595 422 2673 liant,
446 2596 567 2660 coloris
589 2596 740 2680 expertia
762 2597 841 2660 sint.

374 2702 494 2768 Lectus
512 2701 662 2767 ferrosus
681 2703 875 2767 combustus
891 2701 992 2787 oxydi
1004 2700 1117 2767 ferrici
1129 2707 1240 2787 partes
1263 2701 1460 2767 centesimos

331 2808 401 2873 fere
414 2810 453 2874 27
467 2809 642 2896 relinqunt,
656 2831 740 2896 quoe
752 2809 835 2873 nihil
846 2808 936 2895 quod
947 2808 982 2872 in
994 2830 1081 2894 eque
1093 2809 1245 2874 solvetur
1255 2809 1458 2874 contineant.

794 3033 997 3046 m

619 3215 669 3314 ÷
704 3219 1089 3314 taetuearium.

374 3397 481 3462 Sucus
504 3398 630 3462 lacteus
652 3417 750 3483 quem
780 3397 917 3482 praebet
948 3397 1136 3464 Lactuce
1166 3397 1324 3475 virosa,
1358 3397 1457 3462 Lmu.

330 3502 386 3589 Sp.
423 3503 470 3567 Pl.
509 3503 582 3581 795,
617 3502 787 3588 profluens
821 3525 839 3566 e
873 3503 966 3568 ceule
994 3505 1098 3570 inciso
1122 3504 1177 3569 vel
1199 3510 1360 3588 percocto,
1383 3525 1458 3569 cere

329 3609 515 3675 induratus.

374 3769 495 3836 Frustu
517 3770 611 3848 sicce,
637 3771 792 3849 enormia,
817 3771 980 3856 angulose
1003 3770 1056 3833 vel
1079 3769 1260 3855 segmentis
1279 3767 1458 3854 sphaericis

328 3876 571 3964 quodammodo
595 3878 723 3956 similia,
747 3876 976 3955 flavidofusce,
1000 3897 1094 3963 quoe,
1117 3876 1197 3940 dum
1211 3875 1457 3952 recentiesunt,

327 3985 416 4050 intre
426 3984 544 4062 albida,
558 3989 674 4070 postee
686 3983 844 4050 subfusca
854 3984 950 4049 fiunt.
974 3983 1067 4048 Odor
1078 3983 1242 4069 proprius,
1254 3983 1457 4061 narcoticus3

329 4112 429 4176 sapor
451 4111 651 4176 peremerus.

371 4197 602 4264 Lectucerium
635 4219 710 4262 cum
744 4219 830 4283 eque
861 4204 1056 4264 concoctum
1079 4197 1173 4284 depsi
1196 4200 1325 4282 potest3
1349 4196 1458 4282 liquor
