3544 5050
850 499 915 560 410

317 698 359 772 et,
392 693 421 758 si
452 715 536 778 opus
570 693 643 770 erit,
678 691 886 780 refrigeratis
919 693 1004 758 adde
1039 693 1203 778 Spiritum
1237 695 1316 758 dum
1339 700 1447 759 totum

316 800 448 885 pondus
471 799 515 865 sit
848 799 851 804 ’

415 908 585 984 partium
608 913 763 965 centum
796 953 1364 968 ...............
1394 908 1451 967 100

360 1005 485 1091 Liquor
507 1006 628 1070 coloris
651 1027 770 1090 expers
790 1006 843 1070 rel
865 1005 988 1091 pallide
1011 1005 1129 1083 00000,
1154 1006 1267 1072 odoris
1290 1007 1446 1073 aetherei.

317 1111 451 1177 Pondus
474 1112 662 1197 specificam
689 1115 785 1189 1,]90
808 1112 851 1176 ad
876 1115 984 1190 1205.

360 1219 503 1284 Suliatis
537 1219 696 1303 aethylici
730 1220 817 1285 acidi
840 1242 915 1285 cum
938 1219 1068 1306 Spiritu
1090 1221 1287 1306 grammatis
1310 1223 1328 1284 2
1351 1220 1448 1285 alcali

315 1327 475 1391 normalis
497 1326 703 1391 centimetris
726 1326 851 1392 cubicis
876 1329 917 1391 25
940 1327 1056 1392 mixtis
1079 1328 1248 1412 paulisper
1269 1328 1446 1405 concoctis,

315 1433 344 1498 si
368 1455 428 1519 per
450 1433 582 1499 acidum
604 1435 753 1499 normale
774 1435 1016 1510 retrotitratur,
1040 1434 1140 1499 huius
1162 1434 1258 1513 acidi,
1281 1441 1320 1501 ut
1343 1433 1449 1499 mixte

315 1541 468 1606 neutrius
508 1540 687 1607 reactionis
729 1540 806 1618 sint,
842 1541 1039 1606 centimetra
1073 1540 1189 1606 cubica
1224 1543 1277 1618 5‚4
1316 1540 1358 1604 ad
1393 1543 1447 1618 5‚8

314 1649 537 1734 requirantur.

782 1886 984 1895 *-

525 2087 575 2183 -Ι-
608 2086 785 2183 Sullas
827 2087 1155 2180 aluminicus.

719 2265 1043 2351 acapnum.

358 2409 522 2473 Lamellae
556 2408 660 2486 albae,
695 2407 822 2471 nitidae
857 2407 912 2470 vel
944 2406 1055 2471 frusta
1089 2405 1292 2490 crystallina,
1317 2405 1447 2490 saporis

314 2515 564 2600 adstringentis.
601 2513 714 2578 Sullas
749 2513 948 2578 aluminicus
982 2513 1016 2577 in
1051 2535 1155 2599 aquae
1186 2512 1338 2598 partibus
1370 2513 1446 2590 0,52

314 2621 466 2698 solvitur,
490 2621 526 2684 in
549 2620 670 2706 spiritu
693 2642 760 2684 non
785 2620 937 2686 solvitur.

358 2727 471 2792 Sullas
513 2727 710 2792 aluminicus
747 2727 783 2790 in
817 2748 902 2812 aqua
936 2729 1094 2804 (1:10)
1129 2726 1259 2791 solutus
1295 2726 1446 2790 chartam

314 2831 571 2918 exploratoriam
607 2832 790 2896 caeruleam
825 2834 936 2898 reddit
958 2834 1114 2911 rubram,
1142 2833 1257 2898 addita
1279 2833 1446 2898 solutione

312 2938 466 3023 hydrstis
484 2937 613 3014 notrici,
628 2939 884 3023 praecipitatum
902 2940 1049 3026 deponit,
1071 2941 1169 3026 quod,
1189 2941 1312 3004 iterum
1331 2939 1447 3005 addito

313 3049 479 3130 reagente,
520 3043 672 3122 solvitur,
709 3066 726 3108 0
760 3046 881 3130 quibus
915 3047 1045 3124 solutis,
1082 3069 1150 3111 000
1185 3067 1260 3111 eum
1303 3046 1444 3111 chloreti

313 3151 490 3215 ammonici
509 3151 698 3235 quantitate
709 3152 882 3217 excedenti
894 3153 1075 3232 calefactis,
1089 3154 1345 3240 praecipitatum
1358 3153 1446 3238 gela·

313 3257 460 3322 tinosum
490 3258 688 3337 secernitur;
712 3259 827 3324 addito
858 3261 982 3325 nitrate
1005 3261 1165 3346 barytico,
1190 3259 1445 3346 praecipitatum

312 3364 424 3429 album
458 3365 606 3450 deponit,
640 3366 729 3450 quod
752 3367 787 3429 in
810 3366 905 3431 acido
928 3367 1049 3432 nitrico
1072 3367 1178 3432 diluto
1202 3389 1270 3430 non
1294 3365 1445 3431 solvitur.

358 3471 471 3536 Sulfes
493 3472 691 3537 aluminicus
713 3474 749 3536 in
771 3495 856 3558 aqna
879 3478 909 3549 (l
925 3499 958 3532 =
978 3476 1034 3557 10)
1053 3474 1182 3538 solutus
1195 3472 1315 3538 coloris
1328 3493 1446 3556 expers

311 3578 365 3656 sit,
401 3579 517 3643 addito
551 3579 648 3644 acido
683 3579 963 3665 hydrosulfurico
1000 3581 1142 3665 speciem
1166 3601 1207 3644 ne
1229 3584 1338 3644 mutet
1362 3600 1446 3642 neve

312 3685 428 3750 addito
450 3686 683 3772 ferrocyaneto
706 3687 824 3762 kalieo,
849 3687 1019 3750 caeruleus
1032 3686 1304 3751 fiatintrahorae
1317 3690 1445 3769 partem

312 3792 552 3878 sexagesimam
566 3814 650 3856 neve
662 3793 777 3857 addito
790 3792 1269 3878 dimethylamidoazobenzolo
1280 3792 1444 3856 rubescat.

356 3901 425 3964 Gan
452 3901 563 3964 oriens
586 3922 603 3964 e
627 3899 713 3964 zinci
736 3898 847 3964 frusto
870 3904 1027 3985 reagente
1051 3899 1086 3962 in
1110 3898 1252 3963 Sulfatis
1276 3897 1444 3963 aluminici

311 4028 460 4090 gramma
496 4011 511 4069 1
548 4007 582 4070 10
617 4006 703 4071 acidi
731 4005 882 4072 sulfurici
904 4006 1003 4072 diluti
1025 4006 1231 4071 centimetris
1254 4004 1379 4071 cubicis
1404 4006 1444 4068 10

312 4113 458 4178 solutum
497 4115 645 4178 chartam
680 4114 836 4190 bibulam,
873 4115 1023 4179 chloreto
1058 4112 1301 4198 hydrargpnico
1334 4109 1445 4174 made-

311 4220 443 4296 factam,
468 4219 590 4284 flavam
612 4243 654 4286 ne
677 4221 796 4286 reddat
818 4221 908 4286 intra
930 4222 1031 4285 horae
1054 4229 1182 4304 partem
1205 4223 1369 4304 quartam.
