3582 5034
865 495 930 559 339

330 712 416 776 apex
449 690 606 768 obtusus;
641 689 729 755 hilus
764 695 858 755 extra
892 695 1043 755 centrum
1077 689 1207 776 positus
1241 688 1298 776 (1ίὲ
1334 689 1377 754 ad
1410 689 1466 774 ¹lel

330 796 458 882 apicem
489 817 615 874 versus,
647 796 840 882 plerumque
874 797 1073 882 conspicuus
1106 797 1191 861 rima
1221 818 1296 861 aere
1320 796 1464 883 impleta,

329 923 569 989 nonnunquam
602 903 740 981 radiata,
775 925 793 968 e
828 925 893 989 qua
925 905 1011 967 rima
1042 924 1140 989 saepe
1162 904 1267 968 rimae
1292 906 1312 967 2
1335 904 1464 988 longae,

329 1015 483 1078 arcuatae
506 1015 638 1088 exeunt,
663 1009 706 1074 ad
729 1009 824 1074 basin
848 1009 1046 1096 productae;
1067 1014 1174 1075 strata
1192 1011 1385 1096 plerumque
1397 1031 1465 1074 non

330 1121 410 1181 sunt
443 1117 629 1201 conspicua.
665 1116 786 1181 Frusta
815 1115 1049 1201 crystallorum
1081 1117 1331 1195 columnarium,
1355 1136 1466 1182 crassa

331 1224 373 1286 20
406 1223 450 1287 ad
484 1225 526 1287 30
561 1247 595 1300 μ,
630 1222 852 1306 longitudinis
885 1222 1046 1301 diversae,
1078 1246 1146 1287 non
1169 1244 1339 1309 nunquam
1362 1223 1466 1288 altera

328 1329 539 1396 extremitate
562 1335 669 1395 acuta.
696 1330 923 1414 Parenchyma
945 1331 1148 1396 membranis
1165 1331 1247 1396 satis
1263 1329 1464 1408 tumefactis,

330 1435 449 1500 coloris
476 1436 678 1521 expertibus,
703 1435 897 1502 scrobiculis
920 1436 1104 1516 altioribus,
1129 1437 1256 1502 lacunis
1279 1437 1466 1502 intercellu-

332 1542 456 1607 laribus
485 1541 683 1628 conspicuis.
717 1542 804 1607 Vasa
826 1543 975 1608 anularia
999 1550 1033 1609 et
1056 1544 1191 1630 spiralia
1213 1549 1248 1608 et
1271 1544 1409 1609 sceleris
1432 1549 1466 1608 et

331 1648 566 1728 scrobiculeta;
591 1649 703 1714 omnia
722 1651 803 1714 haec
815 1654 977 1735 separata,
991 1671 1230 1735 nonnunquam
1242 1651 1277 1714 in
1289 1650 1466 1716 fasciculos

333 1754 479 1820 collecta.

377 1860 469 1926 Odor
492 1862 663 1947 proprius;
689 1883 787 1948 sapor
806 1861 929 1942 fatuus,
959 1864 1233 1943 suberomatious,
1259 1865 1464 1929 subamarus.

376 1968 582 2033 Rhinomatis
600 1969 700 2032 Iridis
720 1969 830 2054 pulvis
853 1970 1047 2035 combustus
1059 1971 1179 2035 cineris
1190 1993 1232 2035 ne
1244 1971 1355 2036 minus
1366 1991 1465 2055 quem

334 2081 444 2160 partes
467 2076 666 2142 centesimas
691 2079 709 2139 2
734 2099 817 2141 neve
840 2077 916 2162 plus
939 2099 1039 2162 quam
1065 2081 1083 2141 5
1106 2077 1282 2163 relinquat.

794 2307 999 2318 ..ιι-..μυο-

496 2483 547 2582 ·l·
580 2487 834 2580 lltizcmc
868 2484 1206 2605 Podcptylli.

378 2663 539 2728 Rhizoma
580 2663 669 2749 quod
703 2663 841 2749 praebet
876 2662 1194 2748 Podophyllum
1241 2663 1465 2747 peltatum,

332 2769 431 2834 LINN.
457 2771 513 2856 Sp.
540 2771 586 2834 Pl.
613 2773 687 2848 505,
712 2792 788 2834 cum
810 2769 979 2835 radicibus
1003 2768 1217 2836 secundariis.

377 2931 497 2996 Frusta
520 2931 717 2995 centimetra
738 2930 782 2995 ed
807 2933 848 2994 20
871 2931 981 3016 longa,
995 2931 1147 3017 partibus
1159 2929 1351 2996 tumefactis
1363 2931 1466 2995 centi-

333 3044 440 3103 metra
463 3041 483 3102 5
507 3037 549 3102 ed
576 3040 617 3101 10
641 3037 730 3102 inter
753 3059 788 3102 se
812 3037 1189 3122 distantibus,cquibus
1201 3037 1369 3101 interdum
1382 3037 1465 3101 rami

335 3145 353 3206 2
376 3143 419 3208 ad
443 3147 463 3208 3
486 3149 619 3209 exeunt.
645 3145 760 3208 Psrtes
783 3144 961 3228 longiores,
985 3149 1111 3221 tenues,
1136 3143 1327 3208 millimetra
1349 3142 1392 3207 ad
1412 3145 1465 3220 6,5

334 3270 472 3328 crassae,
513 3251 724 3335 cylindricae,
760 3251 803 3315 ab
837 3249 913 3315 imis
946 3250 989 3315 ad
1024 3271 1170 3316 summes
1204 3250 1279 3336 plus
1313 3250 1465 3314 minusve

333 3376 550 3442 compressae,
574 3357 738 3422 nodorum
762 3361 914 3443 expertes
935 3357 990 3421 vel
1009 3362 1140 3422 tantum
1152 3357 1187 3420 in
1199 3355 1467 3423 extremitatibus

333 3463 503 3528 nonnullis
532 3464 729 3550 vaginarum
753 3463 962 3528 cicatricibus
985 3465 1166 3528 enormiter
1188 3464 1342 3540 anulatis,
1368 3483 1465 3548 saepe

334 3570 486 3656 obliquis.
523 3571 639 3635 Partes
661 3569 831 3635 breviores
855 3569 1055 3635 tumefactae
1077 3571 1311 3635 centimetrum
1336 3573 1352 3632 1
1378 3568 1421 3633 ad
1446 3569 1465 3632 2

333 3676 462 3761 longae,
476 3697 605 3741 crassae
615 3675 658 3740 ad
674 3679 734 3754 1,6,
748 3677 946 3742 internodiis
958 3678 1124 3755 brevibus,
1138 3677 1262 3742 crebris
1269 3677 1465 3762 vaginarum

334 3782 543 3848 cicatricibus
561 3783 714 3861 anulatis,
736 3784 870 3869 paulum
889 3784 1144 3862 editis,minime
1163 3784 1251 3848 inter
1266 3805 1301 3848 se
1313 3781 1466 3847 distanti·

335 3888 414 3966 bus;
431 3909 531 3974 supra
542 3889 645 3954 oeulis
656 3889 807 3955 cicatrice
819 3889 890 3954 fere
901 3890 1087 3968 orbiculari,
1100 3890 1183 3955 setis
1194 3894 1362 3967 excavata
1378 3887 1467 3952 inira

335 3993 501 4059 radicibus
524 3995 727 4061 secundariis
752 3999 793 4060 10
817 3997 950 4082 sparsis,
974 3995 1191 4062 liliformibus
1209 3996 1264 4060 vel
1275 3997 1466 4081 plerumque

335 4122 448 4166 earum
478 4102 687 4168 cicatricibus
710 4102 842 4168 sordide
865 4102 958 4167 albis.
982 4103 1024 4169 In
1046 4101 1314 4167 extremitatibus
1335 4120 1466 4185 quoquc

337 4207 481 4290 partium
522 4208 711 4273 tenuiorum
757 4208 924 4274 interdum
961 4209 1089 4274 radices
1122 4207 1299 4272 nonnullae
1333 4205 1466 4270 adsunt.
