3584 5026
883 458 947 520 240

607 649 657 748 -Ι-
691 653 784 746 tet
820 652 1136 772 depuratum.

393 818 490 884 Solve

350 1006 357 1020 .
446 933 552 984 uenis
572 933 707 1004 partes
729 932 883 984 centum
905 970 1394 989 .............
1424 924 1480 983 100

347 1028 384 1070 m
445 1104 556 1164 Aquae
582 1095 768 1172 partibus
795 1102 948 1153 centum
970 1096 1266 1172 quinquaginta
1307 1139 1313 1152 .
1347 1139 1353 1153 .
1387 1138 1394 1154 .
1424 1093 1480 1150 150

392 1192 511 1272 Filtra;
535 1193 660 1259 filtrata
681 1193 814 1258 assidue
833 1194 966 1278 agitans
985 1193 1019 1256 in
1033 1193 1151 1258 balneo
1163 1214 1268 1279 aquae
1280 1213 1424 1278 evapora
1435 1191 1478 1255 ad

446 1307 582 1376 partes
603 1307 756 1358 eentum
785 1343 1394 1360 ................
1424 1297 1480 1355 100

391 1397 515 1483 Liquor
530 1398 757 1483 spissitudinis
769 1399 883 1483 sirupi‚
896 1398 953 1483 qui
964 1398 1121 1484 limpidus
1135 1399 1179 1462 sit
1190 1397 1336 1482 clarique
1347 1395 1476 1462 eoloris.

393 1503 503 1568 Mollis
537 1504 690 1590 depurati
725 1511 910 1589 grammata
946 1507 987 1568 10
1022 1510 1056 1569 et
1090 1527 1196 1590 aquae
1225 1508 1412 1590 grammata
1435 1505 1477 1565 40

346 1610 535 1688 commixta,
563 1610 686 1675 additis
714 1611 1022 1696 phenolphthaleini
1045 1615 1152 1697 guttis
1177 1615 1205 1690 2,
1230 1617 1268 1676 ut
1291 1611 1478 1686 rubescant,

346 1716 442 1781 aloali
453 1716 684 1781 deoinormalis
696 1739 738 1781 ne
751 1719 931 1802 plusquam
940 1719 1259 1784 centimetraoubioa
1269 1721 1287 1782 2
1296 1717 1476 1802 requirant.

392 1823 457 1886 Mel
480 1823 679 1909 depuratum
701 1829 811 1889 cetera
833 1823 1020 1889 satisfaciat
1042 1825 1147 1889 isdem
1170 1824 1299 1909 legibus
1311 1823 1477 1908 puritatis,

345 1929 465 2014 quibus
489 1931 564 1994 Mel.

645 2345 695 2444 ÷
728 2349 821 2442 ite!
858 2359 1103 2443 rosatum.

393 2518 495 2582 Misoe

445 2631 632 2680 Petalorum
653 2630 755 2682 Rotae
774 2625 813 2680 in
829 2625 1029 2700 pulverem
1043 2623 1133 2702 (AM)
1148 2621 1399 2681 redactorum

486 2728 621 2797 partes
641 2727 730 2779 octo
744 2765 1393 2782 .................
1460 2719 1478 2776 8

446 2829 556 2888 Aquae
577 2825 763 2877 ebullientis
784 2822 969 2896 partibus
991 2823 1166 2896 triginta
1185 2861 1393 2880 ......
1440 2818 1478 2875 30

346 2919 469 2982 mixtas
493 2938 552 3002 per
574 2918 675 2980 horas
701 2921 741 2980 12
764 2939 887 3002 sepone
910 2919 945 2981 in
969 2941 1047 2982 vase
1070 2918 1192 2983 clauso.

392 3025 537 3087 Massam
559 3024 595 3088 in
618 3023 857 3108 persolutorem
880 3025 1050 3089 inmissam
1070 3045 1130 3108 per
1152 3045 1271 3108 aquam
1290 3023 1422 3108 peroola
1434 3021 1475 3085 ad

445 3138 580 3208 partes
602 3132 815 3207 sexaginta
823 3174 1393 3191 ..............
1441 3129 1478 3185 00

391 3230 433 3292 In
455 3229 592 3314 liquore,
616 3230 724 3293 calore
747 3229 909 3308 adhibito,
933 3230 1024 3296 solve

444 3341 596 3392 Saooharl
624 3343 759 3413 partes
780 3337 957 3412 triginta
978 3357 1044 3394 sex
1066 3377 1392 3396 .........
1440 3333 1477 3390 30

392 3432 508 3512 Filtra;
532 3433 658 3498 filtrata
680 3435 715 3498 in
737 3434 856 3498 balneo
877 3455 982 3519 aquae
1005 3456 1149 3519 evapora
1171 3433 1214 3498 ad

445 3547 584 3618 partes
613 3542 826 3617 sexaginta
846 3548 1038 3617 quattuor
1063 3583 1392 3600 .........
1440 3537 1477 3594 04

394 3639 457 3702 His
479 3638 565 3704 adde

445 3752 552 3802 Kellis
572 3752 720 3814 deputati
742 3752 877 3822 partes
897 3746 1074 3820 triginta
1095 3765 1159 3801 sex
1183 3787 1390 3802 ......
1438 3741 1475 3798 30

391 3844 516 3928 Liquor
538 3843 765 3927 spissitudinis
789 3842 903 3927 sirupi,
927 3865 1038 3906 rosam
1062 3842 1224 3920 redolens,
1249 3839 1373 3904 fuseus.

391 3950 531 4015 AJeohol
569 3950 731 4034 amylieus
767 3972 843 4015 eum
882 3949 979 4012 Malle
1012 3954 1125 4013 rosato
1160 3951 1400 4032 conquassatus
1434 3965 1475 4009 ne

347 4057 522 4122 coloretur,

812 4225 1014 4242 ι-η-ί--ι-ι-
