3584 5026
837 551 900 612 238

303 742 471 821 dilatatae,
506 743 637 808 ciliatae
671 763 743 807 esse
779 742 946 811 videntur.
970 743 1084 807 Pulvis
1107 743 1308 808 reactionem
1330 744 1433 829 amyli

303 871 371 914 non
394 851 541 936 praebet.

348 957 441 1022 Odor
463 958 517 1022 vel
541 979 640 1043 sapor
663 959 784 1023 nullus.

346 1063 575 1151 Lycopodium
609 1065 732 1130 siccum
765 1065 827 1143 sit;
863 1085 923 1149 per
957 1065 1102 1129 cribrum
1138 1065 1164 1127 B
1176 1109 1204 1151 40
1232 1064 1375 1130 caulium
1399 1069 1432 1128 et

302 1171 459 1237 foliorum
482 1172 638 1237 frustulis
660 1172 829 1237 liberetur.

346 1279 529 1365 Lycopodii
551 1299 626 1344 cum
649 1279 874 1344 chloroformo
897 1279 1110 1365 conquassati
1132 1300 1250 1363 parum
1273 1279 1326 1342 vel
1348 1279 1429 1342 nihil

300 1385 453 1452 resideat.
501 1386 729 1472 Lycopodium
762 1385 973 1451 combustum
1007 1387 1128 1451 cineris
1162 1408 1203 1448 ne
1234 1386 1309 1471 plus
1331 1407 1430 1468 quam

301 1498 413 1579 partes
436 1493 634 1560 centesimas
658 1497 677 1557 5
701 1494 878 1581 relinquat.

633 1758 683 1857 ÷
718 1762 1010 1855 bannitum.

757 1927 973 2014 c,n,(ou).

342 2059 511 2148 Crystalla
533 2062 618 2141 alba,
643 2063 755 2128 odoris
778 2063 936 2149 expertia,
961 2061 1142 2138 subdulcia,
1167 2060 1425 2148 semiperlucida,

296 2169 471 2234 anicularia
493 2169 547 2234 vel
569 2169 730 2256 prismata
753 2191 882 2254 magna,
906 2170 1075 2245 rhombea,
1098 2169 1217 2234 caloris
1229 2169 1336 2253 gradu
1349 2171 1428 2234 165⁰

297 2275 339 2340 ad
375 2278 476 2340 166ιιῃῃ
504 2277 729 2363 liquescentia.
765 2277 953 2341 Mannitum
983 2276 1020 2340 in
1054 2296 1159 2360 aquae
1190 2275 1341 2360 partibus
1373 2278 1426 2354 6,3

294 2383 446 2448 solvitur.
470 2383 669 2461 Mannitum,
703 2383 739 2447 in
770 2383 890 2468 spiritu
913 2382 1084 2448 ebullienti
1108 2383 1263 2460 solutum,
1288 2382 1426 2468 refrige-

294 2510 389 2555 scens
411 2489 482 2554 iere
505 2494 615 2555 totum
638 2489 831 2555 secernitur.

339 2597 481 2661 Manniti
505 2597 785 2683 milligrammatis
810 2600 851 2661 10
874 2618 935 2681 per
956 2596 1171 2662 bichromatis
1194 2596 1296 2661 kalici
1310 2601 1425 2682 guttas

295 2707 315 2768 3
338 2709 372 2768 et
395 2704 480 2769 acidi
504 2704 655 2770 sulfurici
678 2705 776 2770 diluti
799 2705 1032 2770 centimetrum
1043 2703 1195 2768 cubicum
1210 2707 1238 2781 l,
1252 2703 1424 2788 coquendo

294 2832 353 2895 per
368 2811 468 2876 horae
484 2817 613 2897 partem
626 2813 874 2897 sexagesimam,
889 2811 1046 2896 oxydatis
1057 2815 1091 2874 et
1102 2810 1223 2895 liquori
1235 2811 1283 2874 ita
1295 2797 1422 2895 parato,

292 2939 351 3004 per
373 2919 573 2984 solutionem
596 2919 749 3004 hydratis
761 2919 881 2984 natrici
891 2919 1011 2983 leviter
1021 2917 1161 2981 alcalino
1173 2915 1273 2994 facto,
1287 2917 1424 3003 liquoris

292 3023 507 3108 exploratorii
527 3023 680 3108 Fehlingi
694 3025 890 3089 centimetro
909 3024 1025 3089 cubico
1048 3024 1203 3102 laddit0,
1216 3046 1291 3089 cum
1314 3024 1424 3108 liquor

290 3129 453 3214 coquitur,
478 3129 626 3215 oxydum
648 3152 825 3217 cuprosum
848 3130 984 3194 rubrum
1008 3130 1199 3195 secernitur.

336 3236 481 3300 Manniti
502 3235 779 3322 milligrammatis
804 3239 867 3301 100
890 3257 965 3302 cum
987 3258 1093 3321 aquae
1115 3236 1422 3301 centimetriscubi-

290 3341 337 3406 cis
360 3345 381 3405 4
404 3347 439 3406 et
461 3343 599 3428 liquoris
622 3344 837 3430 exploratorii
867 3343 1020 3429 Fehliugi
1043 3342 1239 3407 centimetro
1262 3343 1378 3407 cubico
1404 3345 1419 3403 1

288 3468 348 3533 per
382 3448 483 3513 horae
506 3456 635 3536 partem
658 3451 898 3536 sexagesimam
920 3451 1096 3529 concoctis,
1121 3451 1230 3536 liquor
1248 3451 1357 3515 clarus
1377 3449 1422 3513 sit

289 3575 374 3618 neve
396 3555 541 3619 colorem
563 3557 794 3623 rubescentem
817 3557 939 3622 trahat.

334 3661 478 3728 Manniti
501 3663 769 3748 milligrammata
794 3667 856 3728 100
878 3664 914 3727 in
933 3663 1019 3728 acidi
1044 3663 1196 3728 sulfurici
1214 3662 1419 3728 centimetris

288 3767 412 3832 cubicis
433 3772 452 3833 5
473 3770 592 3848 soluta,
612 3770 736 3836 additis
750 3793 855 3856 aquae
867 3771 974 3856 guttis
988 3773 1017 3848 2,
1041 3792 1083 3834 ne
1103 3770 1217 3836 statim
1229 3770 1420 3835 colorentur

288 3880 421 3962 etpost
444 3877 546 3942 horae
569 3884 698 3961 partem
709 3878 880 3942 dimidiam
892 3878 1036 3942 colorem
1052 3876 1418 3943 tantumsubflavidum

288 3982 435 4047 trahant.

333 4088 425 4168 Quae
455 4090 496 4155 de
526 4091 671 4155 Manniti
693 4091 968 4176 milligrammatis
993 4093 1057 4155 100
1080 4089 1263 4155 combustis
1286 4109 1417 4173 supere·

288 4201 376 4272 runt,
402 4197 578 4281 ponderari
601 4202 777 4284 nequeant.

752 4341 954 4354 Ἤ
