3582 5034
869 483 933 547 336

333 678 500 764 gemmula
521 678 668 743 lateralis
690 679 744 743 vel
767 679 839 743 eius
861 677 999 743 cicatrix
1021 679 1055 742 in
1079 679 1465 765 parteexterioroadest.

334 784 537 872 superficies
570 807 631 871 per
664 786 908 871 longitudinem
927 807 1042 871 grosse
1064 808 1196 872 rugosa,
1221 787 1466 874 quodammodo

334 893 439 958 nitide
480 891 575 958 fusca
616 893 670 957 vel
708 893 827 958 coloris
858 894 1015 972 clarioris,
1048 893 1169 979 partim
1204 895 1279 980 plus
1312 895 1466 961 minusve

334 1000 443 1065 obsita
476 999 580 1084 paleis
615 997 826 1085 ferrugineis,
858 1000 1051 1066 lanceolatis
1076 999 1116 1065 ad
1141 1001 1291 1080 lineares,
1315 1003 1465 1088 apicibus

333 1105 452 1191 longis,
488 1107 523 1170 in
557 1107 706 1192 margine
740 1107 918 1172 denticulis
952 1108 1166 1186 tenuissimis,
1190 1109 1324 1194 sparsis,
1349 1110 1464 1189 acutis,

334 1212 565 1298 glandularum
608 1214 800 1299 expertibus
842 1215 896 1278 vel
930 1237 997 1278 non
1032 1214 1106 1299 plus
1140 1237 1239 1299 quam
1275 1217 1294 1278 2
1328 1216 1364 1280 in
1395 1217 1467 1282 basi

334 1320 503 1406 praeditis.
517 1321 676 1387 Fractura
688 1327 878 1386 transversa
886 1321 1105 1400 flavoviridis,
1114 1343 1244 1407 perosa,
1253 1321 1466 1388 farinulenta.

332 1427 374 1491 In
396 1427 581 1492 rhizomate
603 1433 791 1492 transverse
804 1434 954 1513 persecto
966 1430 1148 1516 phalanges
1159 1451 1324 1508 vasorum,
1338 1431 1466 1516 positae

334 1535 368 1598 in
391 1556 470 1599 arou
490 1541 617 1619 partem
638 1534 839 1613 interiorem,
861 1558 1040 1601 concavam
1060 1558 1177 1602 versus
1188 1542 1314 1622 aperto,
1327 1559 1465 1603 numero

335 1641 352 1706 7
385 1640 421 1704 in
452 1643 492 1704 31
525 1663 543 1704 e
570 1642 702 1726 petiolis
732 1645 804 1720 100,
831 1647 850 1706 8
874 1643 910 1706 in
934 1646 985 1722 30,
1012 1647 1031 1708 9
1055 1644 1089 1707 in
1115 1646 1166 1722 22,
1193 1648 1211 1708 5
1235 1643 1278 1708 ad
1302 1647 1321 1709 6
1347 1644 1398 1708 vel
1425 1649 1465 1708 10

332 1748 368 1811 in
390 1748 872 1814 17.Rhizomatisl1nstorum
894 1751 1005 1835 apices
1029 1772 1126 1836 saepe
1139 1752 1203 1816 toti
1214 1751 1318 1836 paleis
1330 1751 1466 1817 obducti

334 1860 428 1932 sunt;
453 1855 601 1921 fractius
623 1857 730 1941 qualis
753 1863 804 1921 est
827 1857 1036 1942 petiolorum.

378 1962 470 2027 Odor
491 1962 623 2041 fatuus3
647 1985 747 2049 sapor
771 1964 950 2043 subdulcia,
975 1965 1185 2043 subacerbus,
1210 1987 1295 2030 acer.

378 2069 538 2135 Rhizoma
561 2071 673 2136 Filicia
696 2093 738 2136 ne
761 2071 888 2136 diutius
911 2093 1011 2158 quam
1035 2095 1135 2137 unum
1157 2095 1282 2137 annum
1302 2078 1461 2138 servetur.

795 2349 999 2359 ————-

511 2567 560 2664 -Ι-
600 2570 854 2664 Rhizana
894 2571 1201 2691 llydrastis.

377 2765 536 2830 lthizoma
554 2766 644 2852 quod
664 2765 803 2852 praebet
822 2767 1064 2851 Hydraatis
1087 2767 1342 2846 canadensis,
1361 2768 1460 2833 LINN.

332 2872 424 2957 Syst.
449 2872 500 2936 ed.
524 2873 565 2937 X.
591 2875 688 2951 1088,
712 2894 787 2938 cum
810 2871 978 2939 radicibus
1002 2873 1217 2939 secundariis.

376 3032 537 3097 Rhizome
560 3033 756 3098 centimetra
778 3034 822 3098 ad
846 3038 865 3098 5
888 3035 1035 3120 longum,
1059 3055 1207 3099 crassum
1226 3033 1269 3099 ad
1291 3039 1319 3112 l,
1332 3033 1461 3120 fragile,

329 3139 497 3205 interdum
526 3141 766 3219 subramosum,
791 3142 866 3228 plus
889 3142 1041 3206 minusve
1065 3143 1245 3206 enormiter
1266 3141 1461 3220 flexuosum,

330 3247 529 3312 internodiis
557 3248 714 3312 brevibus
737 3247 937 3327 manifestis,
960 3250 997 3313 in
1020 3254 1114 3334 perte
1137 3249 1307 3334 superiore
1330 3249 1462 3333 saepius

330 3354 517 3439 praeditum
540 3355 749 3420 cicatricibus
773 3356 917 3421 caulium
929 3355 1188 3432 demortuorum,
1200 3355 1312 3441 ibique
1324 3355 1463 3442 gibboso

330 3460 560 3540 tumefactum
573 3462 719 3547 undique
730 3460 876 3527 obsitum
888 3462 1056 3526 radicibus
1068 3461 1272 3527 secundariis
1284 3463 1338 3526 vel
1350 3485 1463 3527 earum

332 3567 541 3633 cicatricibus
564 3568 672 3648 flavis;
696 3569 732 3632 in
754 3570 847 3653 apice
869 3568 1039 3632 interdum
1058 3569 1321 3654 caulisreliquiia
1334 3573 1462 3634 ctnon-

331 3676 432 3740 nullis
470 3677 584 3761 paleis.
620 3677 818 3761 Superficies
852 3697 1090 3762 nonnunquam
1126 3699 1185 3762 per
1218 3676 1462 3761 longitudinem

330 3805 462 3869 rugosa,
498 3805 566 3847 non
600 3784 705 3848 nitide
738 3783 937 3868 flavogrisea
966 3784 1019 3849 vel
1042 3784 1149 3870 magis
1172 3784 1276 3848 fusca.
1301 3784 1463 3848 Fractura

329 3891 416 3955 clare
439 3890 536 3968 flava,
561 3911 681 3955 cornea
693 3891 747 3954 vel
758 3911 863 3954 cerea.
871 3889 912 3954 In
921 3891 1104 3955 rhizomate
1113 3896 1303 3955 transverse
1311 3895 1462 3976 persecto

331 4019 486 4062 vasorum
506 3998 655 4062 fasciculi
670 3996 713 4062 ad
726 3999 767 4061 20
780 3999 925 4082 angusti,
939 3998 1071 4076 radiati3
1083 3999 1245 4064 medullae
1258 3999 1462 4064 coniunctio-

331 4127 390 4170 nes
402 4105 610 4189 conspicuae
623 4103 768 4169 medulla
780 4105 934 4170 diametri
947 4111 1075 4191 partem
1088 4107 1156 4170 fere
1168 4111 1321 4192 quartam
1329 4127 1461 4192 magna.

331 4211 471 4277 Radices
499 4211 713 4277 secundariae
737 4212 934 4277 centimetra
958 4215 978 4276 4
1002 4213 1042 4278 ad
1069 4217 1087 4277 5
1111 4214 1240 4298 longae,
1265 4234 1395 4277 crassae
1418 4212 1460 4278 ad
