3452 5048
847 519 890 582 64

472 709 523 807 -Ι-
556 711 818 832 tapsulac
851 711 961 808 illei
996 715 1179 808 ilicini.

347 872 511 959 Capsulae
550 879 678 952 ovatae,
720 873 885 951 elasticae‚
927 894 1020 958 quae,
1058 873 1125 938 nisi
1159 873 1224 939 alia
1263 874 1434 960 quantitas

300 980 506 1067 praescripta
528 981 602 1059 erit,
628 979 701 1046 Olei
724 979 832 1045 Ricini
852 986 1040 1066 grammata
1056 986 1153 1045 terna
1163 982 1214 1064 (3)
1225 981 1433 1046 contineant.

346 1125 466 1202 Massa,
491 1145 556 1209 qua
579 1123 732 1208 capsulae
755 1127 920 1200 constant,
945 1122 994 1187 ita
1015 1127 1174 1207 paratur:

346 1231 447 1296 Solve
469 1231 505 1294 in
527 1228 647 1294 balneo
669 1251 775 1315 aquae
798 1228 997 1294 calefaciens

302 1419 309 1432 ι
399 1345 565 1395 Galaticae
592 1343 726 1414 partes
754 1337 904 1412 viginti
931 1342 1014 1394 tres
1021 1377 1349 1395 .........
1396 1334 1434 1392 23

300 1441 336 1482 m
401 1514 515 1576 Aquae
542 1505 728 1583 partibus
754 1506 931 1580 triginta
954 1503 1107 1563 duabus
1141 1547 1349 1564 ......
1397 1503 1435 1559 32

303 1605 367 1669 His
391 1605 476 1669 adde

400 1716 564 1779 Glycerlni
589 1715 726 1786 partes
753 1709 1026 1785 quadraginta
1053 1709 1224 1785 quinque
1261 1751 1269 1765 .
1300 1751 1309 1766 .
1341 1752 1347 1766 .
1395 1709 1434 1765 45

346 1808 430 1876 Cola
452 1831 511 1894 per
533 1807 635 1873 telam
659 1811 694 1872 et
716 1828 861 1872 massam
884 1806 1009 1871 caliace
1032 1806 1112 1870 dum
1133 1807 1223 1871 clara
1244 1803 1336 1870 facta
1355 1805 1409 1870 sit.

605 2167 655 2265 -Ι-
689 2169 852 2266 tarto
887 2171 1048 2290 liqui.

346 2332 461 2397 Pulvis
494 2337 575 2409 ater,
601 2331 717 2408 siccua
754 2330 847 2407 levis,
885 2331 997 2395 odoris
1032 2336 1066 2395 et
1100 2331 1229 2414 saporis
1261 2351 1431 2414 erperae

301 2439 444 2504 carbone
467 2437 552 2523 ligni
574 2436 758 2502 fervefacto
782 2440 929 2522 paratus.

346 2544 458 2612 Carbo
480 2544 588 2629 Ligni,
611 2545 648 2608 in
668 2543 749 2610 tubo
762 2544 956 2625 calefactus,
978 2564 1121 2628 vapores
1134 2543 1433 2628 empyreumaticos

300 2675 343 2717 ne
366 2651 507 2728 emittat,
532 2651 604 2716 sine
623 2649 726 2727 fumo,
747 2651 819 2715 siue
834 2649 1203 2715 flammacomburatur.
1229 2649 1432 2716 Combustus

301 2759 421 2824 cineris
443 2780 485 2822 ne
508 2757 583 2842 plus
607 2779 706 2842 quam
729 2762 841 2843 partes
864 2757 1061 2823 centesimas
1086 2758 1297 2841 2reliuquat.

345 2867 461 2950 Aquae
494 2865 727 2929 centimetrum
761 2864 953 2929 cubicorum
987 2867 1029 2929 25
1052 2884 1128 2928 cum
1148 2863 1311 2930 Carbonis
1334 2861 1433 2947 Ligni

300 2971 495 3058 grammatis
531 2975 550 3036 5
581 2976 814 3037 concoctorum
848 2971 974 3036 filtrata
1007 2970 1127 3036 coloris
1161 2971 1310 3054 expertia
1341 2969 1429 3046 sint3

301 3101 441 3164 quorum
464 3077 666 3142 filtratorum
690 3078 886 3143 centimetra
909 3077 1026 3142 cubica
1046 3080 1098 3156 10,
1111 3076 1235 3142 additis
1246 3075 1333 3140 acidi
1344 3073 1431 3138 deci·

299 3185 459 3249 normalis
500 3190 534 3249 et
575 3184 885 3270 phenolphthaleini
931 3185 1039 3270 guttis
1084 3183 1234 3269 siugulis,
1268 3182 1431 3266 liquorem

300 3292 482 3378 praebeant
490 3291 611 3356 coloris
622 3297 800 3376 expertem,
818 3290 884 3375 qui,
897 3290 1013 3355 addita
1021 3289 1118 3355 alcali
1125 3288 1284 3353 normalis
1293 3290 1391 3372 gutta
1400 3289 1429 3360 1,

301 3397 466 3463 rubescat.

764 3575 968 3586 ——.

461 3724 512 3822 -Ι-
545 3725 816 3822 tartense
854 3726 1188 3820 ammonicus.

465 3886 523 3952 Sal
545 3887 720 3951 continens
743 3884 938 3971 NH4HCO²⁵
964 3891 998 3951 et
1020 3881 1274 3970 NH4002NH9.

347 4019 491 4085 crustae
520 4021 574 4084 vel
604 4020 715 4085 frusta
753 4018 874 4084 coloris
904 4019 1064 4104 expertia,
1089 4015 1268 4104 perlucida,
1292 4013 1431 4078 fibroso-

302 4125 507 4212 crystallina,
542 4128 636 4204 dura,
671 4148 755 4212 quae
786 4147 861 4190 aere
891 4124 1084 4191 fatiscentia
1114 4123 1168 4188 hic
1196 4123 1264 4187 illic
1295 4121 1431 4206 pulvere

301 4231 380 4298 albo
392 4232 604 4298 obducuntur
614 4238 649 4297 et
660 4254 721 4318 gaz
734 4233 919 4297 ammoniae
930 4231 1066 4297 fortiter
1075 4230 1238 4296 redolent.
1259 4226 1432 4293 Carbones
