<?xml version="1.0" encoding="UTF-8"?>
<!DOCTYPE html PUBLIC "-//W3C//DTD XHTML 1.0 Transitional//EN"
    "http://www.w3.org/TR/xhtml1/DTD/xhtml1-transitional.dtd">
<html xmlns="http://www.w3.org/1999/xhtml" xml:lang="en" lang="en">
 <head>
  <title>
</title>
<meta http-equiv="Content-Type" content="text/html;charset=utf-8" />
  <meta name='ocr-system' content='tesseract 3.04.00' />
  <meta name='ocr-capabilities' content='ocr_page ocr_carea ocr_par ocr_line ocrx_word'/>
</head>
<body>
  <div class='ocr_page' id='page_1' title='image "./pharmocopoeaned00zakegoog_0535.png"; bbox 0 0 3532 5034; ppageno 0'>
   <div class='ocr_carea' id='block_1_1' title="bbox 318 727 457 822">
    <p class='ocr_par' dir='ltr' id='par_1_1' title="bbox 318 727 457 822">
     <span class='ocr_line' id='line_1_1' title="bbox 318 727 457 822; baseline 0 -2"><span class='ocrx_word' id='word_1_1' title='bbox 318 727 457 822; x_wconf 77' lang='grc' dir='ltr'>1111Ιὶ.</span> 
     </span>
    </p>
   </div>
   <div class='ocr_carea' id='block_1_2' title="bbox 363 887 678 955">
    <p class='ocr_par' dir='ltr' id='par_1_2' title="bbox 363 887 678 955">
     <span class='ocr_line' id='line_1_2' title="bbox 363 887 678 955; baseline -0.01 0"><span class='ocrx_word' id='word_1_2' title='bbox 363 888 482 955; x_wconf 81' lang='grc'>1111111</span> <span class='ocrx_word' id='word_1_3' title='bbox 504 887 678 954; x_wconf 86' lang='lat' dir='ltr'>normale.</span> 
     </span>
    </p>
   </div>
   <div class='ocr_carea' id='block_1_3' title="bbox 631 1011 1471 1526">
    <p class='ocr_par' dir='ltr' id='par_1_3' title="bbox 631 1011 1471 1526">
     <span class='ocr_line' id='line_1_3' title="bbox 631 1011 1471 1098; baseline 0.002 -24"><span class='ocrx_word' id='word_1_4' title='bbox 631 1011 767 1096; x_wconf 79' lang='lat' dir='ltr'>Hydrae</span> <span class='ocrx_word' id='word_1_5' title='bbox 790 1012 919 1077; x_wconf 87' lang='lat' dir='ltr'>kalicus</span> <span class='ocrx_word' id='word_1_6' title='bbox 942 1013 995 1076; x_wconf 91' lang='lat' dir='ltr'>vel</span> <span class='ocrx_word' id='word_1_7' title='bbox 1019 1012 1157 1098; x_wconf 79' lang='lat' dir='ltr'>Hydrae</span> <span class='ocrx_word' id='word_1_8' title='bbox 1179 1012 1328 1077; x_wconf 78' lang='lat' dir='ltr'>natrices</span> <span class='ocrx_word' id='word_1_9' title='bbox 1341 1011 1471 1077; x_wconf 81' lang='lat' dir='ltr'>solutus</span> 
     </span>
     <span class='ocr_line' id='line_1_4' title="bbox 672 1119 1469 1205; baseline 0 -23"><span class='ocrx_word' id='word_1_10' title='bbox 672 1119 707 1183; x_wconf 94' lang='lat' dir='ltr'>in</span> <span class='ocrx_word' id='word_1_11' title='bbox 738 1141 843 1205; x_wconf 88' lang='lat' dir='ltr'>aquae</span> <span class='ocrx_word' id='word_1_12' title='bbox 873 1122 970 1183; x_wconf 88' lang='lat' dir='ltr'>tanta</span> <span class='ocrx_word' id='word_1_13' title='bbox 999 1121 1187 1204; x_wconf 88' lang='lat' dir='ltr'>quantitate</span> <span class='ocrx_word' id='word_1_14' title='bbox 1217 1124 1255 1184; x_wconf 91' lang='lat' dir='ltr'>ut</span> <span class='ocrx_word' id='word_1_15' title='bbox 1286 1119 1469 1184; x_wconf 90' lang='lat' dir='ltr'>solutorum</span> 
     </span>
     <span class='ocr_line' id='line_1_5' title="bbox 673 1225 1470 1312; baseline 0 -22"><span class='ocrx_word' id='word_1_16' title='bbox 673 1225 871 1290; x_wconf 88' lang='lat' dir='ltr'>centimetra</span> <span class='ocrx_word' id='word_1_17' title='bbox 900 1225 1017 1290; x_wconf 88' lang='lat' dir='ltr'>cubica</span> <span class='ocrx_word' id='word_1_18' title='bbox 1054 1230 1104 1304; x_wconf 91' lang='grc'>10,</span> <span class='ocrx_word' id='word_1_19' title='bbox 1136 1248 1201 1312; x_wconf 92' lang='lat' dir='ltr'>quo</span> <span class='ocrx_word' id='word_1_20' title='bbox 1225 1227 1375 1292; x_wconf 89' lang='lat' dir='ltr'>neutrius</span> <span class='ocrx_word' id='word_1_21' title='bbox 1396 1247 1470 1290; x_wconf 87' lang='lat' dir='ltr'>rea·</span> 
     </span>
     <span class='ocr_line' id='line_1_6' title="bbox 672 1333 1470 1411; baseline -0.001 -14"><span class='ocrx_word' id='word_1_22' title='bbox 672 1333 794 1398; x_wconf 83' lang='lat' dir='ltr'>ationis</span> <span class='ocrx_word' id='word_1_23' title='bbox 818 1334 895 1411; x_wconf 86' lang='lat' dir='ltr'>sint,</span> <span class='ocrx_word' id='word_1_24' title='bbox 920 1334 1007 1398; x_wconf 83' lang='lat' dir='ltr'>acidi</span> <span class='ocrx_word' id='word_1_25' title='bbox 1031 1335 1190 1398; x_wconf 74' lang='lat' dir='ltr'>normalis</span> <span class='ocrx_word' id='word_1_26' title='bbox 1206 1335 1470 1399; x_wconf 88' lang='lat' dir='ltr'>centimetraou·</span> 
     </span>
     <span class='ocr_line' id='line_1_7' title="bbox 673 1441 1023 1526; baseline 0.003 -21"><span class='ocrx_word' id='word_1_27' title='bbox 673 1441 747 1506; x_wconf 87' lang='lat' dir='ltr'>bica</span> <span class='ocrx_word' id='word_1_28' title='bbox 776 1444 817 1505; x_wconf 92' lang='grc'>10</span> <span class='ocrx_word' id='word_1_29' title='bbox 841 1442 1023 1526; x_wconf 77' lang='lat' dir='ltr'>requirant.</span> 
     </span>
    </p>
   </div>
   <div class='ocr_carea' id='block_1_4' title="bbox 363 1583 757 1651">
    <p class='ocr_par' dir='ltr' id='par_1_4' title="bbox 363 1583 757 1651">
     <span class='ocr_line' id='line_1_8' title="bbox 363 1583 757 1651; baseline 0.008 -3"><span class='ocrx_word' id='word_1_30' title='bbox 363 1583 479 1650; x_wconf 76' lang='lat' dir='ltr'>Alaali</span> <span class='ocrx_word' id='word_1_31' title='bbox 503 1583 757 1651; x_wconf 87' lang='lat' dir='ltr'>decinormalc.</span> 
     </span>
    </p>
   </div>
   <div class='ocr_carea' id='block_1_5' title="bbox 631 1709 1471 2224">
    <p class='ocr_par' dir='ltr' id='par_1_5' title="bbox 631 1709 1470 2010">
     <span class='ocr_line' id='line_1_9' title="bbox 631 1709 1470 1796; baseline -0.001 -23"><span class='ocrx_word' id='word_1_32' title='bbox 631 1709 768 1794; x_wconf 83' lang='lat' dir='ltr'>Hydrae</span> <span class='ocrx_word' id='word_1_33' title='bbox 791 1709 922 1775; x_wconf 87' lang='lat' dir='ltr'>kalious</span> <span class='ocrx_word' id='word_1_34' title='bbox 945 1711 999 1776; x_wconf 91' lang='lat' dir='ltr'>vel</span> <span class='ocrx_word' id='word_1_35' title='bbox 1023 1711 1160 1796; x_wconf 85' lang='lat' dir='ltr'>Hydrae</span> <span class='ocrx_word' id='word_1_36' title='bbox 1179 1710 1327 1775; x_wconf 88' lang='lat' dir='ltr'>natricus</span> <span class='ocrx_word' id='word_1_37' title='bbox 1339 1710 1470 1774; x_wconf 89' lang='lat' dir='ltr'>solutus</span> 
     </span>
     <span class='ocr_line' id='line_1_10' title="bbox 674 1817 1469 1903; baseline -0.003 -23"><span class='ocrx_word' id='word_1_38' title='bbox 674 1817 709 1880; x_wconf 93' lang='lat' dir='ltr'>in</span> <span class='ocrx_word' id='word_1_39' title='bbox 739 1837 845 1901; x_wconf 88' lang='lat' dir='ltr'>aquae</span> <span class='ocrx_word' id='word_1_40' title='bbox 876 1821 973 1881; x_wconf 89' lang='lat' dir='ltr'>tanta</span> <span class='ocrx_word' id='word_1_41' title='bbox 1001 1819 1189 1903; x_wconf 90' lang='lat' dir='ltr'>quantitate</span> <span class='ocrx_word' id='word_1_42' title='bbox 1219 1821 1257 1880; x_wconf 98' lang='lat' dir='ltr'>ut</span> <span class='ocrx_word' id='word_1_43' title='bbox 1284 1817 1469 1880; x_wconf 84' lang='lat' dir='ltr'>solutorum</span> 
     </span>
     <span class='ocr_line' id='line_1_11' title="bbox 674 1923 1468 2010; baseline -0.003 -22"><span class='ocrx_word' id='word_1_44' title='bbox 674 1924 872 1988; x_wconf 88' lang='lat' dir='ltr'>centimetra</span> <span class='ocrx_word' id='word_1_45' title='bbox 901 1923 1017 1989; x_wconf 88' lang='lat' dir='ltr'>cubica</span> <span class='ocrx_word' id='word_1_46' title='bbox 1053 1927 1103 2003; x_wconf 90' lang='lat'>10,</span> <span class='ocrx_word' id='word_1_47' title='bbox 1135 1946 1200 2010; x_wconf 90' lang='lat' dir='ltr'>quo</span> <span class='ocrx_word' id='word_1_48' title='bbox 1223 1923 1373 1988; x_wconf 75' lang='lat' dir='ltr'>neutrius</span> <span class='ocrx_word' id='word_1_49' title='bbox 1396 1943 1468 1986; x_wconf 86' lang='lat' dir='ltr'>rea-</span> 
     </span>
    </p>

    <p class='ocr_par' dir='ltr' id='par_1_6' title="bbox 634 2026 1471 2224">
     <span class='ocr_line' id='line_1_12' title="bbox 634 2026 1471 2108; baseline -0.005 -12"><span class='ocrx_word' id='word_1_50' title='bbox 634 2095 638 2104; x_wconf 82' lang='grc'><em>,</em></span> <span class='ocrx_word' id='word_1_51' title='bbox 672 2031 793 2096; x_wconf 90' lang='lat' dir='ltr'>ctionis</span> <span class='ocrx_word' id='word_1_52' title='bbox 820 2031 898 2108; x_wconf 87' lang='lat' dir='ltr'>sint,</span> <span class='ocrx_word' id='word_1_53' title='bbox 922 2031 1009 2096; x_wconf 81' lang='lat' dir='ltr'>acidi</span> <span class='ocrx_word' id='word_1_54' title='bbox 1031 2026 1471 2096; x_wconf 88' lang='lat' dir='ltr'>decinormaliscentimetra</span> 
     </span>
     <span class='ocr_line' id='line_1_13' title="bbox 675 2138 1061 2224; baseline 0 -22"><span class='ocrx_word' id='word_1_55' title='bbox 675 2138 791 2203; x_wconf 89' lang='lat' dir='ltr'>cubica</span> <span class='ocrx_word' id='word_1_56' title='bbox 816 2141 858 2202; x_wconf 90' lang='grc'>10</span> <span class='ocrx_word' id='word_1_57' title='bbox 878 2139 1061 2224; x_wconf 89' lang='lat' dir='ltr'>requirant.</span> 
     </span>
    </p>
   </div>
   <div class='ocr_carea' id='block_1_6' title="bbox 365 2279 777 2348">
    <p class='ocr_par' dir='ltr' id='par_1_7' title="bbox 365 2279 777 2348">
     <span class='ocr_line' id='line_1_14' title="bbox 365 2279 777 2348; baseline 0 0"><span class='ocrx_word' id='word_1_58' title='bbox 365 2279 480 2348; x_wconf 78' lang='lat' dir='ltr'>Aloall</span> <span class='ocrx_word' id='word_1_59' title='bbox 505 2281 777 2348; x_wconf 86' lang='lat' dir='ltr'>centinormale.</span> 
     </span>
    </p>
   </div>
   <div class='ocr_carea' id='block_1_7' title="bbox 632 2404 1472 2919">
    <p class='ocr_par' dir='ltr' id='par_1_8' title="bbox 632 2404 1472 2919">
     <span class='ocr_line' id='line_1_15' title="bbox 632 2404 1471 2492; baseline -0.001 -23"><span class='ocrx_word' id='word_1_60' title='bbox 632 2405 768 2492; x_wconf 80' lang='lat' dir='ltr'>Hydrus</span> <span class='ocrx_word' id='word_1_61' title='bbox 792 2407 922 2471; x_wconf 88' lang='lat' dir='ltr'>kalious</span> <span class='ocrx_word' id='word_1_62' title='bbox 945 2407 1000 2470; x_wconf 91' lang='lat' dir='ltr'>vel</span> <span class='ocrx_word' id='word_1_63' title='bbox 1019 2405 1157 2491; x_wconf 79' lang='lat' dir='ltr'>Hydrus</span> <span class='ocrx_word' id='word_1_64' title='bbox 1176 2405 1325 2476; x_wconf 88' lang='lat' dir='ltr'>natricus</span> <span class='ocrx_word' id='word_1_65' title='bbox 1341 2404 1471 2469; x_wconf 87' lang='lat' dir='ltr'>solutus</span> 
     </span>
     <span class='ocr_line' id='line_1_16' title="bbox 674 2512 1471 2598; baseline 0 -23"><span class='ocrx_word' id='word_1_66' title='bbox 674 2514 709 2576; x_wconf 90' lang='lat' dir='ltr'>in</span> <span class='ocrx_word' id='word_1_67' title='bbox 742 2535 848 2598; x_wconf 84' lang='lat' dir='ltr'>aquae</span> <span class='ocrx_word' id='word_1_68' title='bbox 882 2517 978 2579; x_wconf 88' lang='lat' dir='ltr'>tanta</span> <span class='ocrx_word' id='word_1_69' title='bbox 1012 2514 1202 2598; x_wconf 88' lang='lat' dir='ltr'>quantitate</span> <span class='ocrx_word' id='word_1_70' title='bbox 1224 2518 1263 2577; x_wconf 92' lang='lat' dir='ltr'>ut</span> <span class='ocrx_word' id='word_1_71' title='bbox 1286 2512 1471 2578; x_wconf 84' lang='lat' dir='ltr'>solutorum</span> 
     </span>
     <span class='ocr_line' id='line_1_17' title="bbox 673 2620 1472 2705; baseline -0.001 -21"><span class='ocrx_word' id='word_1_72' title='bbox 673 2621 869 2686; x_wconf 88' lang='lat' dir='ltr'>centimetra</span> <span class='ocrx_word' id='word_1_73' title='bbox 898 2620 1014 2685; x_wconf 88' lang='lat' dir='ltr'>cubica</span> <span class='ocrx_word' id='word_1_74' title='bbox 1046 2621 1096 2698; x_wconf 90' lang='lat'>10,</span> <span class='ocrx_word' id='word_1_75' title='bbox 1132 2641 1196 2705; x_wconf 88' lang='lat' dir='ltr'>quo</span> <span class='ocrx_word' id='word_1_76' title='bbox 1225 2620 1376 2684; x_wconf 76' lang='lat' dir='ltr'>neutrius</span> <span class='ocrx_word' id='word_1_77' title='bbox 1400 2641 1472 2683; x_wconf 88' lang='lat' dir='ltr'>rea-</span> 
     </span>
     <span class='ocr_line' id='line_1_18' title="bbox 674 2727 1472 2804; baseline -0.001 -13"><span class='ocrx_word' id='word_1_78' title='bbox 674 2727 793 2792; x_wconf 92' lang='lat' dir='ltr'>ctionis</span> <span class='ocrx_word' id='word_1_79' title='bbox 817 2728 893 2804; x_wconf 86' lang='lat' dir='ltr'>sint,</span> <span class='ocrx_word' id='word_1_80' title='bbox 919 2727 1004 2792; x_wconf 89' lang='lat' dir='ltr'>acidi</span> <span class='ocrx_word' id='word_1_81' title='bbox 1016 2727 1264 2793; x_wconf 88' lang='lat' dir='ltr'>centinormalis</span> <span class='ocrx_word' id='word_1_82' title='bbox 1276 2727 1472 2791; x_wconf 84' lang='lat' dir='ltr'>centimetra</span> 
     </span>
     <span class='ocr_line' id='line_1_19' title="bbox 673 2834 1060 2919; baseline 0.005 -23"><span class='ocrx_word' id='word_1_83' title='bbox 673 2834 789 2900; x_wconf 88' lang='lat' dir='ltr'>cubica</span> <span class='ocrx_word' id='word_1_84' title='bbox 813 2836 854 2898; x_wconf 94' lang='grc'>10</span> <span class='ocrx_word' id='word_1_85' title='bbox 878 2835 1060 2919; x_wconf 89' lang='lat' dir='ltr'>requirant.</span> 
     </span>
    </p>
   </div>
   <div class='ocr_carea' id='block_1_8' title="bbox 365 2975 1177 3059">
    <p class='ocr_par' dir='ltr' id='par_1_9' title="bbox 365 2975 1177 3059">
     <span class='ocr_line' id='line_1_20' title="bbox 365 2975 1177 3059; baseline -0.001 -16"><span class='ocrx_word' id='word_1_86' title='bbox 365 2975 574 3044; x_wconf 75' lang='lat' dir='ltr'>Chloretum</span> <span class='ocrx_word' id='word_1_87' title='bbox 597 2976 900 3059; x_wconf 74' lang='lat' dir='ltr'>hydrargyricum</span> <span class='ocrx_word' id='word_1_88' title='bbox 923 2977 1177 3045; x_wconf 85' lang='lat' dir='ltr'>decinormale.</span> 
     </span>
    </p>
   </div>
   <div class='ocr_carea' id='block_1_9' title="bbox 632 3099 1474 3394">
    <p class='ocr_par' dir='ltr' id='par_1_10' title="bbox 632 3099 1474 3394">
     <span class='ocr_line' id='line_1_21' title="bbox 632 3099 1473 3187; baseline -0.001 -23"><span class='ocrx_word' id='word_1_89' title='bbox 632 3099 757 3186; x_wconf 90' lang='lat' dir='ltr'>Liquor</span> <span class='ocrx_word' id='word_1_90' title='bbox 775 3123 929 3187; x_wconf 88' lang='lat' dir='ltr'>aquosus,</span> <span class='ocrx_word' id='word_1_91' title='bbox 943 3103 1037 3167; x_wconf 74' lang='lat' dir='ltr'>cuitu</span> <span class='ocrx_word' id='word_1_92' title='bbox 1050 3101 1246 3166; x_wconf 88' lang='lat' dir='ltr'>centimetra</span> <span class='ocrx_word' id='word_1_93' title='bbox 1258 3101 1373 3166; x_wconf 87' lang='lat' dir='ltr'>cubica</span> <span class='ocrx_word' id='word_1_94' title='bbox 1386 3102 1473 3164; x_wconf 96' lang='grc'>1000</span> 
     </span>
     <span class='ocr_line' id='line_1_22' title="bbox 675 3207 1474 3294; baseline -0.004 -21"><span class='ocrx_word' id='word_1_95' title='bbox 675 3208 869 3273; x_wconf 78' lang='lat' dir='ltr'>contineant</span> <span class='ocrx_word' id='word_1_96' title='bbox 912 3207 1063 3274; x_wconf 86' lang='lat' dir='ltr'>Chloreti</span> <span class='ocrx_word' id='word_1_97' title='bbox 1098 3208 1330 3294; x_wconf 85' lang='lat' dir='ltr'>hydrargyrici</span> <span class='ocrx_word' id='word_1_98' title='bbox 1364 3228 1474 3294; x_wconf 84' lang='lat' dir='ltr'>gram·</span> 
     </span>
     <span class='ocr_line' id='line_1_23' title="bbox 674 3318 920 3394; baseline 0.004 -16"><span class='ocrx_word' id='word_1_99' title='bbox 674 3320 766 3379; x_wconf 90' lang='lat' dir='ltr'>mata</span> <span class='ocrx_word' id='word_1_100' title='bbox 791 3318 920 3394; x_wconf 80' lang='lat'>13‚545.</span> 
     </span>
    </p>
   </div>
   <div class='ocr_carea' id='block_1_10' title="bbox 366 3455 785 3524">
    <p class='ocr_par' dir='ltr' id='par_1_11' title="bbox 366 3455 785 3524">
     <span class='ocr_line' id='line_1_24' title="bbox 366 3455 785 3524; baseline 0 -2"><span class='ocrx_word' id='word_1_101' title='bbox 366 3455 509 3522; x_wconf 81' lang='lat' dir='ltr'>lodium</span> <span class='ocrx_word' id='word_1_102' title='bbox 533 3456 785 3524; x_wconf 81' lang='lat' dir='ltr'>deoinormale.</span> 
     </span>
    </p>
   </div>
   <div class='ocr_carea' id='block_1_11' title="bbox 631 3581 1474 3882">
    <p class='ocr_par' dir='ltr' id='par_1_12' title="bbox 631 3581 1474 3882">
     <span class='ocr_line' id='line_1_25' title="bbox 631 3581 1474 3668; baseline 0.001 -23"><span class='ocrx_word' id='word_1_103' title='bbox 631 3581 755 3667; x_wconf 89' lang='lat' dir='ltr'>Liquor</span> <span class='ocrx_word' id='word_1_104' title='bbox 777 3604 931 3668; x_wconf 87' lang='lat' dir='ltr'>aquosus,</span> <span class='ocrx_word' id='word_1_105' title='bbox 946 3584 1039 3649; x_wconf 85' lang='lat' dir='ltr'>cuins</span> <span class='ocrx_word' id='word_1_106' title='bbox 1051 3585 1247 3650; x_wconf 83' lang='lat' dir='ltr'>centimetra</span> <span class='ocrx_word' id='word_1_107' title='bbox 1258 3583 1374 3648; x_wconf 88' lang='lat' dir='ltr'>cubica</span> <span class='ocrx_word' id='word_1_108' title='bbox 1388 3584 1474 3647; x_wconf 90' lang='lat'>1000</span> 
     </span>
     <span class='ocr_line' id='line_1_26' title="bbox 675 3689 1474 3777; baseline -0.001 -23"><span class='ocrx_word' id='word_1_109' title='bbox 675 3689 870 3755; x_wconf 82' lang='lat' dir='ltr'>contineant</span> <span class='ocrx_word' id='word_1_110' title='bbox 889 3689 975 3755; x_wconf 91' lang='lat' dir='ltr'>Iodii</span> <span class='ocrx_word' id='word_1_111' title='bbox 987 3695 1174 3777; x_wconf 84' lang='lat' dir='ltr'>grammata</span> <span class='ocrx_word' id='word_1_112' title='bbox 1188 3691 1304 3775; x_wconf 55' lang='lat'>1260?</span> <span class='ocrx_word' id='word_1_113' title='bbox 1319 3695 1353 3755; x_wconf 86' lang='lat' dir='ltr'>et</span> <span class='ocrx_word' id='word_1_114' title='bbox 1365 3689 1474 3755; x_wconf 88' lang='lat' dir='ltr'>Iodeti</span> 
     </span>
     <span class='ocr_line' id='line_1_27' title="bbox 676 3795 1064 3882; baseline 0.008 -22"><span class='ocrx_word' id='word_1_115' title='bbox 676 3795 778 3862; x_wconf 87' lang='lat' dir='ltr'>kalici</span> <span class='ocrx_word' id='word_1_116' title='bbox 800 3803 987 3882; x_wconf 42' lang='lat' dir='ltr'>&amp;ammata</span> <span class='ocrx_word' id='word_1_117' title='bbox 1012 3801 1064 3863; x_wconf 82' lang='lat'>20.</span> 
     </span>
    </p>
   </div>
   <div class='ocr_carea' id='block_1_12' title="bbox 367 3920 1473 4122">
    <p class='ocr_par' dir='ltr' id='par_1_13' title="bbox 367 3920 1473 4122">
     <span class='ocr_line' id='line_1_28' title="bbox 367 3920 1001 4006; baseline 0.003 -19"><span class='ocrx_word' id='word_1_118' title='bbox 367 3920 502 4003; x_wconf 83' lang='lat' dir='ltr'>Liqnor</span> <span class='ocrx_word' id='word_1_119' title='bbox 524 3922 794 4005; x_wconf 78' lang='lat' dir='ltr'>exploratorias</span> <span class='ocrx_word' id='word_1_120' title='bbox 817 3923 1001 4006; x_wconf 82' lang='lat' dir='ltr'>Fehlingi.</span> 
     </span>
     <span class='ocr_line' id='line_1_29' title="bbox 632 4029 1473 4122; baseline -0.004 -28"><span class='ocrx_word' id='word_1_121' title='bbox 632 4051 663 4094; x_wconf 86' lang='lat' dir='ltr'>a.</span> <span class='ocrx_word' id='word_1_122' title='bbox 711 4029 836 4114; x_wconf 90' lang='lat' dir='ltr'>Liquor</span> <span class='ocrx_word' id='word_1_123' title='bbox 869 4051 1024 4122; x_wconf 84' lang='lat' dir='ltr'>aquosus,</span> <span class='ocrx_word' id='word_1_124' title='bbox 1060 4030 1154 4095; x_wconf 87' lang='lat' dir='ltr'>cuius</span> <span class='ocrx_word' id='word_1_125' title='bbox 1188 4030 1385 4094; x_wconf 88' lang='lat' dir='ltr'>centimetra</span> <span class='ocrx_word' id='word_1_126' title='bbox 1418 4046 1473 4091; x_wconf 88' lang='lat' dir='ltr'>cu-</span> 
     </span>
    </p>
   </div>
   <div class='ocr_carea' id='block_1_13' title="bbox 677 4135 1475 4320">
    <p class='ocr_par' dir='ltr' id='par_1_14' title="bbox 677 4135 1475 4320">
     <span class='ocr_line' id='line_1_30' title="bbox 679 4135 1475 4221; baseline -0.004 -22"><span class='ocrx_word' id='word_1_127' title='bbox 679 4135 752 4200; x_wconf 89' lang='lat' dir='ltr'>bica</span> <span class='ocrx_word' id='word_1_128' title='bbox 770 4139 856 4200; x_wconf 90' lang='lat'>1000</span> <span class='ocrx_word' id='word_1_129' title='bbox 868 4137 1063 4202; x_wconf 88' lang='lat' dir='ltr'>contineant</span> <span class='ocrx_word' id='word_1_130' title='bbox 1075 4135 1217 4202; x_wconf 85' lang='lat' dir='ltr'>Sulfatis</span> <span class='ocrx_word' id='word_1_131' title='bbox 1229 4135 1352 4221; x_wconf 86' lang='lat' dir='ltr'>cuprici</span> <span class='ocrx_word' id='word_1_132' title='bbox 1364 4155 1475 4220; x_wconf 85' lang='lat' dir='ltr'>gram-</span> 
     </span>
     <span class='ocr_line' id='line_1_31' title="bbox 677 4243 925 4320; baseline 0.012 -15"><span class='ocrx_word' id='word_1_133' title='bbox 677 4249 768 4307; x_wconf 85' lang='lat' dir='ltr'>mata</span> <span class='ocrx_word' id='word_1_134' title='bbox 793 4243 925 4320; x_wconf 64' lang='grc'>60278.</span> 
     </span>
    </p>
   </div>
   <div class='ocr_carea' id='block_1_14' title="bbox 0 0 1779 5028">
    <p class='ocr_par' dir='ltr' id='par_1_15' title="bbox 0 0 1779 5028">
     <span class='ocr_line' id='line_1_32' title="bbox 0 0 1779 5028; baseline 0 0"><span class='ocrx_word' id='word_1_135' title='bbox 0 0 1779 5028; x_wconf 95' lang='lat' dir='ltr'> </span> 
     </span>
    </p>
   </div>
  </div>
 </body>
</html>
