3584 5026
858 476 921 540 191

322 695 397 738 cum
419 671 548 748 deinde,
574 669 697 735 additis
720 669 859 735 aestatis
882 670 1002 736 nutrici
1025 669 1230 735 centimetris
1253 669 1377 735 cubicis
1402 673 1453 747 25,
1559 694 1562 700 ¹

322 801 381 865 per
407 781 509 844 horae
531 783 661 863 partem
684 781 837 863 quartam
859 783 990 843 coctum
1014 779 1087 862 erit,
1111 777 1250 863 liquoris
1273 777 1321 842 ita
1344 777 1452 861 parati

322 886 455 964 filtreta,
479 884 595 950 addito
617 883 823 949 bicbromete
846 883 955 949 kalico
977 907 1020 949 ne
1043 885 1222 950 turbentur
1240 884 1454 970 (plumbum).

367 993 436 1058 Gez
459 993 570 1057 oriens
594 1013 612 1056 e
637 991 722 1056 zinci
743 990 855 1056 frusto
874 997 1032 1076 reugente
1050 991 1084 1055 in
1105 990 1245 1056 Gallatis
1264 990 1454 1056 bismuthici

323 1100 425 1166 busici
459 1097 729 1184 milligrammata
764 1099 838 1174 500,
873 1097 982 1162 calore
1004 1096 1155 1161 adhibito
1179 1096 1289 1161 soluta
1311 1095 1347 1159 in
1369 1094 1456 1160 acidi

323 1205 570 1291 hydrochlorici
588 1203 686 1269 diluti
706 1203 911 1271 centimetris
930 1203 1055 1269 cubicis
1072 1205 1123 1281 10,
1136 1203 1286 1268 chartam
1299 1202 1454 1279 bibulam,

322 1313 471 1379 chloreto
499 1311 741 1397 hydrargyrico
764 1308 994 1387 madefactum,
1019 1309 1140 1375 flavam
1162 1331 1205 1373 ne
1226 1309 1346 1374 reddat
1367 1307 1458 1373 intra

325 1422 425 1485 horae
448 1424 578 1505 partem
600 1423 763 1504 quartem.

368 1526 508 1592 Gallatis
542 1524 734 1591 bismuthici
756 1524 859 1590 basici
882 1545 1032 1610 gramma
1057 1527 1073 1587 l
1098 1543 1173 1590 cum
1196 1522 1316 1588 leniter
1339 1522 1457 1588 cande·

326 1632 460 1711 iactum,
497 1637 578 1710 tum,
603 1653 687 1718 quae
720 1631 837 1698 relicta
872 1636 979 1707 erunt,
1015 1630 1050 1694 in
1073 1630 1168 1697 acido
1191 1629 1312 1696 uitrico
1336 1628 1455 1708 solute,

325 1738 444 1804 deinde
466 1740 547 1804 haec
569 1739 680 1804 solute
701 1737 781 1802 dum
804 1738 891 1804 sicca
909 1737 978 1803 sint
997 1741 1186 1823 evaporata,
1210 1737 1352 1823 denique
1373 1759 1458 1823 quae

328 1849 533 1931 supererunt,
570 1845 691 1910 iterum
714 1844 910 1910 candefactu
937 1851 1044 1924 erunt,
1069 1845 1173 1929 oxydi
1196 1843 1388 1910 bismuthici
1410 1844 1459 1909 ita

327 1953 433 2036 parati
467 1953 598 2038 pondus
633 1973 702 2016 non
736 1952 846 2016 minus
877 1951 922 2016 sit
944 1971 1044 2037 quam
1065 1949 1370 2036 milligrammatum
1395 1951 1459 2014 520

328 2079 432 2144 neque
454 2059 530 2145 plus
553 2079 653 2145 quam
676 2061 751 2124 560.

792 2249 994 2260 ——u-n--n-

760 2407 1032 2502 Getatina.

372 2569 536 2646 Galatina
559 2569 596 2632 in
619 2567 763 2634 officinis
786 2573 904 2654 perata
927 2590 968 2633 ex
991 2568 1133 2644 ossibus
1157 2565 1362 2652 cartilagine,
1389 2571 1461 2630 ten-

331 2673 472 2752 dinibus,
497 2674 650 2760 pellibus,
673 2674 846 2759 depurata.

374 2816 467 2881 Folia
501 2817 625 2895 tenuia,
661 2816 901 2902 propemodum
935 2817 1056 2883 coloris
1090 2815 1250 2901 expertia,
1282 2813 1460 2900 perlucida,

331 2923 450 2989 nitoris
473 2922 582 3000 vitrei,
606 2922 718 2987 odoris
742 2923 903 3009 expertia.

373 3030 414 3096 In
445 3051 531 3116 aqua
560 3029 685 3116 frigida
708 3029 863 3095 Gelotina
885 3031 1057 3109 tumescit3
1080 3050 1148 3095 una
1171 3051 1246 3095 cum
1268 3051 1355 3116 aqua
1378 3029 1462 3095 cele-

331 3135 420 3202 facta
446 3136 608 3224 paulatim
628 3136 792 3222 liquorem
813 3138 951 3222 praebet
972 3138 1188 3223 glutinosum,
1212 3137 1332 3202 leviter
1354 3137 1462 3223 opale-

331 3249 486 3322 scentem,
509 3243 689 3310 reectionis
706 3244 875 3310 levissime
886 3245 1009 3324 acidae,
1023 3245 1080 3331 qui
1091 3243 1332 3330 propemodum
1342 3243 1463 3310 coloris

332 3355 365 3416 et
394 3351 507 3415 odoris
537 3355 572 3415 et
601 3352 731 3436 saporis
761 3373 880 3438 expers
908 3353 953 3417 sit
977 3357 1010 3417 et
1032 3351 1264 3438 refrigescens,
1288 3349 1461 3415 Gelutinae

331 3459 404 3542 plus
428 3478 528 3544 quam
550 3463 680 3543 purtem
702 3459 918 3525 centesimam
940 3481 984 3523 ne
1002 3481 1103 3524 unam
1123 3457 1256 3544 quidem
1276 3456 1460 3534 continens,

332 3562 365 3628 in
387 3564 568 3650 gelatinam
590 3565 782 3632 concrescit.
807 3566 962 3631 Geletina
980 3566 1016 3630 in
1035 3565 1157 3651 spiritu
1168 3585 1237 3629 non
1249 3564 1392 3629 solvitur
1403 3583 1463 3628 nec

332 3671 437 3758 magis
460 3671 496 3734 in
519 3672 663 3736 aethere.

375 3777 529 3844 Galatina
559 3777 595 3842 iu
627 3799 714 3863 equa
743 3781 973 3863 (1:10000)
1006 3779 1125 3856 solute,
1165 3778 1280 3843 addito
1311 3776 1461 3852 tannino,

333 3883 586 3970 praecipitatum
609 3890 761 3951 secernat
784 3885 968 3964 abundem,
992 3887 1114 3964 album,
1138 3885 1328 3952 floccosum.

376 3989 531 4055 Galatina
560 3990 735 4057 combusta
759 3992 880 4058 cineris
904 4014 945 4056 ne
969 3993 1044 4079 plus
1067 4014 1166 4079 quam
1189 3997 1301 4078 partes
1323 3989 1464 4057 centesi-

336 4115 404 4161 mas
429 4099 449 4161 3
472 4097 649 4183 relinquat.

805 4235 1008 4248 *—
