3584 5026
882 525 945 588 201

459 721 657 815 Gummi
693 721 992 840 plasticam
1027 721 1364 840 depuratum.

391 898 516 964 Baoilla
550 898 603 962 vel
635 897 717 963 folia
746 899 938 964 constantia
961 897 1094 963 Gummi
1116 897 1257 982 plastico
1279 897 1314 960 in
1339 895 1477 962 officinis

346 1004 517 1090 deputate.

389 1147 522 1212 Gummi
563 1148 739 1233 plasticam
777 1147 974 1233 depuratum
1008 1145 1184 1212 foliaeeum
1218 1151 1317 1232 (quae
1352 1142 1478 1210 Charta

344 1253 451 1318 Getah
476 1254 587 1339 Pertja
609 1275 740 1340 quoque
763 1253 901 1338 dieitur)
924 1253 1044 1320 eoloris
1067 1253 1112 1319 sit
1130 1252 1304 1317 flavofusei
1317 1251 1476 1329 veliusei‚

345 1361 557 1445 perlucidum,
600 1361 780 1447 aequabile,
823 1360 1060 1446 particularum
1099 1359 1313 1426 obscurarum
1347 1379 1475 1444 expers,

345 1468 529 1553 plastioum,
561 1489 622 1533 nee
649 1467 855 1554 glutinosum
881 1488 941 1532 neo
965 1466 1093 1552 fragile,
1119 1471 1298 1551 tantaeque
1321 1465 1476 1530 erassitu-

344 1573 431 1640 dinis
454 1580 493 1639 ut
515 1581 658 1640 metrum
681 1575 920 1662 quadratorum
940 1575 1148 1660 singulorum
1168 1573 1299 1660 pondus
1312 1573 1476 1659 sitgram-

345 1689 470 1747 matum
496 1685 560 1746 100
584 1682 627 1748 ad
653 1685 726 1746 150.

388 1788 522 1852 Gummi
551 1788 728 1874 plastieum
757 1790 957 1874 depuratum
980 1789 1015 1852 in
1038 1787 1263 1854 chloroiormo
1283 1791 1393 1851 totum
1413 1785 1477 1850 sol-

345 1900 444 1958 vatur
464 1899 639 1980 ceteraque
663 1894 767 1960 isdem
791 1896 969 1982 postulatis
990 1894 1185 1971 satisfaciat,
1210 1893 1331 1979 quibus
1344 1893 1477 1958 Gummi

347 1998 543 2083 plastieums

388 2108 417 2171 A
450 2107 545 2173 luae
568 2114 780 2175 remotum
802 2110 897 2174 loeo
921 2109 1099 2195 frigido,
1124 2109 1240 2174 sicco
1264 2113 1476 2172 servetur.

445 2435 495 2533 ÷
531 2439 708 2533 Herba
740 2437 1020 2534 Cannabis
1054 2439 1291 2533 indicae.

384 2605 654 2673 Infloreseeutiae
677 2607 787 2671 resina
811 2630 878 2671 non
903 2606 1039 2672 orbatae
1054 2629 1137 2693 quas
1150 2607 1310 2692 praebent
1323 2606 1474 2692 exempla

342 2708 484 2777 leminea
492 2714 680 2780 mareoticae
688 2715 861 2779 varietatis
875 2714 996 2779 herbae
1008 2715 1061 2780 eui
1073 2735 1195 2778 nomen
1207 2721 1258 2779 est
1272 2712 1474 2780 Cannabis

341 2820 609 2898 sativa,L1rtN.
631 2821 687 2907 Sp.
702 2822 749 2886 Pl.
766 2821 861 2898 1027,
881 2843 966 2908 quae
977 2823 1013 2886 in
1024 2821 1122 2886 India
1135 2821 1328 2887 Britannica
1339 2821 1473 2886 nomine
1490 2849 1492 2852 ·

344 2926 457 3014 Ganja
480 2929 610 2995 colitur.

384 3069 555 3149 Quantum
577 3073 649 3136 fieri
673 3078 784 3158 potest
807 3072 898 3137 iuliis
918 3071 1048 3158 magnis
1064 3075 1098 3136 et
1118 3071 1218 3135 ramis
1234 3070 1371 3136 orbatae
1384 3075 1472 3146 sunt,

339 3175 532 3262 plerumque
554 3182 647 3243 certo
659 3187 796 3245 numero
808 3179 1068 3266 conglutinatae,
1081 3199 1261 3264 repressae,
1275 3179 1472 3244 centimetra

340 3284 359 3345 2
390 3282 433 3346 ad
466 3285 507 3346 10
536 3284 666 3371 longas,
698 3284 844 3371 fragiles,
875 3285 996 3353 eoloris
1027 3284 1160 3350 sordide
1190 3283 1316 3349 viridis.
1364 3284 1473 3349 Panae

338 3387 420 3453 iolia
439 3411 551 3474 parva,
572 3391 728 3475 palmata,
750 3392 874 3459 foliolis
892 3393 1204 3472 linearilanoeolatis
1216 3391 1349 3456 adsunt.
1370 3390 1472 3456 Inflo·

337 3497 529 3574 rescentiae,
565 3502 675 3564 strues
705 3499 928 3566 diehasiorum
957 3500 1146 3578 densorum,
1186 3498 1308 3585 partim
1340 3502 1472 3563 tantum

337 3602 538 3669 adultorum.
570 3605 729 3672 Braoteae
752 3607 1073 3675 linearilanoeolatae
1097 3606 1184 3671 binis
1207 3606 1340 3692 stipulis
1364 3605 1471 3670 brevi-

338 3710 451 3776 oribus
485 3711 696 3792 lanceolatis;
728 3714 762 3777 iu
793 3715 894 3778 axilla
917 3715 1125 3800 singularum
1149 3713 1349 3799 stipularum
1373 3710 1471 3776 flores

338 3819 461 3902 singuli
484 3819 601 3886 adesse
624 3821 789 3898 videntur,
814 3821 922 3886 adhue
945 3821 1139 3888 circumdati
1163 3821 1297 3885 bractea
1317 3819 1472 3904 spatham

338 3921 508 4003 efficiente,
533 3925 631 3990 simul
650 3947 725 3990 eum
737 3925 850 3992 imetu
861 3927 1077 3993 coalescente.
1103 3924 1471 3991 Floresomnisaetatis

337 4028 459 4094 adsunt
482 4029 626 4108 feminei,
651 4032 842 4118 hypogyni3
867 4033 1365 4119 perigoniumoampanulatum‚
1378 4030 1472 4095 limbi

337 4156 464 4220 expers,
501 4138 652 4202 ovarium
686 4139 728 4202 ad
763 4139 934 4204 dimidiam
956 4140 1169 4205 altitudinem
1192 4145 1265 4204 arte
1288 4137 1469 4214 includens,

338 4243 635 4324 membranaceum
649 4245 811 4331 pistillum
824 4246 991 4332 stigmatis
1003 4247 1214 4312 flliiormibus
1229 4249 1257 4310 2.
1272 4243 1471 4329 Superfieies
