3530 5026
898 510 940 572 80

397 706 604 773 Cevodinum
637 726 706 769 non
736 702 824 768 idom
854 708 906 769 est
928 701 1018 788 qnod
1040 701 1254 766 Verntrinum
1277 700 1312 764 in
1335 699 1481 764 editione

351 815 451 879 tertin
474 814 573 878 huius
597 813 882 897 Phnrmncopoenc
904 808 1118 894 descriptum.

469 937 583 998 Doscs
603 937 783 997 maximae
803 935 963 1010 singulae
984 935 1317 1010 miltigrammatum
1339 931 1367 992 5.
1404 1011 1405 1014 Ἴ

468 1034 581 1094 Doses
603 1033 782 1093 maximae
804 1032 841 1091 in
864 1033 969 1092 horas
990 1033 1135 1092 vicenas
1156 1035 1345 1107 quaternas

508 1131 840 1207 milligrnmmatum
863 1132 910 1192 1⁰.

505 1487 555 1585 -Ι-
588 1487 780 1584 ittarta
812 1477 1242 1584 antasttnatioa'.

393 1666 540 1733 Ininnde

445 1782 606 1834 Foliorum
636 1782 849 1834 Bellndonnae
866 1814 1394 1834 ..............

445 1877 608 1929 Foliorum
635 1877 786 1942 Dinitalts
824 1913 1393 1931 ...............
1461 1869 1479 1924 2

446 1975 608 2028 Foliorum
628 1976 757 2028 Salviae
784 2010 1393 2030 ................
1461 1966 1478 2022 2

445 2074 606 2126 Foliorum
626 2075 800 2125 stremonii
826 2077 964 2145 partos
992 2067 1106 2126 binus
1146 2108 1393 2126 .......
1460 2064 1477 2120 2

349 2188 408 2251 per
429 2188 549 2252 equum
572 2167 615 2231 ud
638 2165 822 2232 coleturnm

485 2275 678 2350 partium
705 2272 1158 2350 octogintaquinque
1186 2311 1393 2330 ......
1439 2269 1478 2325 85

393 2371 494 2435 Solve
516 2371 551 2435 in
573 2371 636 2435 hoc
658 2371 786 2457 liquore
819 2426 820 2430 ,

445 2483 585 2535 Nitretts
605 2485 705 2536 kulioi
732 2485 868 2556 partes
896 2477 1121 2556 quindecim
1144 2520 1391 2538 .......
1442 2475 1477 2531 15

391 2575 568 2660 Liquorem
601 2575 707 2654 filtrn3
743 2575 878 2640 filtrotis
901 2576 1012 2640 imbue
1035 2576 1184 2641 chnrtnm
1208 2573 1363 2638 bibulam.

390 2681 550 2748 Chartam
574 2683 729 2748 siccatum
751 2681 866 2768 imbue¹
885 2683 1074 2748 commixtis

443 2795 614 2847 'linctum
634 2797 774 2848 Benzoos
801 2796 915 2867 porte
943 2810 1016 2848 nnn
1043 2830 1411 2848 ..........
1461 2785 1474 2842 1

351 2873 385 2933 et
442 2962 583 3027 Spu-itus
609 2958 795 3035 portibus
823 2965 1017 3035 quattuor
1044 2997 1411 3017 ..........
1458 2955 1476 3011 4

389 3053 516 3120 Ohnrtn
538 3057 662 3121 siccntn
684 3057 720 3120 in
743 3056 854 3122 frusto
875 3056 1061 3122 dissecetur
1084 3057 1278 3121 centimetrn
1303 3056 1345 3117 10
1363 3052 1474 3136 longe,

346 3163 415 3227 lato
440 3166 491 3226 15.

553 3506 602 3605 ÷
636 3509 828 3606 ittarta
868 3512 1183 3632 sinaoizatn

391 3686 493 3752 Misce
528 3688 649 3753 Semen
678 3687 821 3774 Sinopis,
856 3711 916 3775 per
948 3689 1084 3755 nothern
1106 3689 1247 3775 petroloi
1269 3686 1472 3774 pinguedine

346 3793 523 3858 liberatum
546 3800 646 3880 utque
667 3795 703 3859 in
715 3796 887 3881 pulverem
898 3796 987 3881 (Bao)
997 3795 1177 3874 reductum,
1191 3795 1325 3860 Gummi
1336 3794 1472 3859 elestico

345 3901 455 3965 soluto
476 3901 513 3965 in
547 3901 667 3967 sulfido
701 3904 877 3969 carbonico
907 3906 941 3988 (1
961 3929 994 3964 =
1013 3904 1070 3986 10)
1099 3902 1141 3967 nd
1171 3901 1297 3986 pultem
1320 3907 1470 3978 tennem3

345 4006 526 4071 mixtorum
548 4013 691 4073 stratum
714 4032 855 4095 coquum
878 4009 1020 4074 extende
1041 4009 1203 4074 inchertn
1221 4007 1471 4086 olbn,rudiore;

343 4134 410 4198 quo
445 4112 535 4179 fecto
569 4115 712 4199 pulvere,
744 4138 842 4201 quem
867 4138 968 4201 supra
991 4114 1144 4192 diximus,
1169 4115 1313 4179 Seminis
1336 4113 1471 4198 Sinopis

343 4217 492 4284 chortem
515 4241 705 4306 consperge,
730 4221 865 4287 fortiter
886 4243 1007 4306 prome,
1032 4221 1149 4307 leviga.
