3584 5026
889 503 952 565 239

623 692 673 791 -Ι-
707 696 925 791 llarnar
956 698 1140 792 album.

401 872 524 960 CaGO8
549 875 592 939 ab
613 873 687 959 ipsa
708 879 830 940 natura
852 874 1051 954 coniectum,
1075 877 1316 961 crystallinum.

400 1017 521 1082 Frusta
539 1016 625 1095 alba,
645 1037 788 1102 granose
807 1017 1009 1102 crystallina,
1030 1018 1123 1084 dura.
1148 1019 1490 1105 Pondus'specificum

359 1122 409 1200 27
433 1123 477 1188 ad
502 1126 566 1202 2,8.

399 1231 546 1295 Marmor
590 1230 704 1295 album
744 1231 890 1296 candens
932 1254 974 1296 ne
1015 1234 1183 1298 coloretur
1223 1255 1307 1299 neve
1348 1255 1489 1318 vapores

355 1338 654 1422 empyreumaticos
688 1338 837 1417 emittat3
881 1345 1030 1404 transeat
1071 1341 1107 1403 in
1141 1340 1252 1406 frusta
1285 1341 1369 1420 alba,
1404 1363 1488 1427 quae

220 1519 222 1524 ¹
356 1442 461 1508 isdem
483 1444 662 1529 postulatis
685 1442 904 1520 satisfaciant,
929 1444 1048 1529 quibus
1071 1446 1219 1530 oxydum
1242 1447 1409 1512 calcicum.

400 1550 437 1615 Si
458 1551 551 1615 nullo
573 1551 639 1616 alio
661 1551 785 1616 indicio
803 1548 896 1616 facto
909 1551 1045 1629 „Pulvis
1057 1553 1254 1618 Marmoris''
1267 1553 1303 1616 in
1314 1559 1488 1638 unguento

356 1657 408 1722 vel
430 1658 467 1721 in
490 1679 615 1744 sapone
636 1658 781 1744 quodam
804 1658 1029 1744 praescriptus
1052 1659 1125 1738 erit,
1158 1660 1357 1726 adhibeatur
1378 1661 1488 1746 pulvis

357 1763 424 1849 Bm,
447 1786 466 1828 e
488 1785 556 1851 quo
579 1770 692 1850 partes
714 1765 883 1830 tenuiores
906 1765 1015 1831 cribro
1038 1774 1185 1833 remotae
1208 1768 1286 1833 sint.

793 2039 843 2138 ·1·
873 2042 981 2137 llel.

399 2200 524 2287 liquor
557 2199 715 2266 collectus
746 2223 764 2264 e
795 2200 883 2265 favis
917 2222 1001 2286 quos
1036 2202 1174 2286 praebet
1215 2202 1321 2287 Apis
1354 2203 1487 2266 melli-

355 2304 444 2372 fica
474 2307 575 2372 LINN.

399 2447 485 2514 Oum
514 2470 630 2515 recens
652 2456 713 2528 est,
737 2449 847 2536 liquor
869 2450 957 2516 clare
980 2450 1097 2529 flavus,
1122 2450 1349 2536 spissitudinis
1372 2451 1486 2536 sirupi,

355 2555 552 2640 perlucidus,
577 2557 706 2642 saporis
728 2556 919 2635 dulcissimi,
944 2557 1057 2622 odoris
1079 2558 1215 2643 proprii,
1239 2557 1296 2643 qui
1319 2557 1442 2622 sensim
1453 2558 1488 2621 in

354 2684 497 2728 massam
519 2663 591 2728 abit
613 2684 759 2749 opacam,
784 2664 918 2729 sordide
941 2665 1059 2743 albam
1084 2686 1226 2750 granose
1249 2664 1487 2750 crystallinam.

398 2769 656 2856 Praecipitatum
678 2771 853 2837 collectum
877 2793 895 2835 e
918 2771 1025 2850 Melle,
1049 2793 1154 2857 aquae
1166 2771 1353 2857 quantitate
1365 2770 1489 2855 duplici

354 2876 469 2955 mixto,
501 2897 562 2962 per
583 2877 837 2962 microsoopium
860 2879 1026 2963 spectanti
1048 2900 1153 2963 grana
1175 2877 1310 2962 pollinis
1333 2877 1488 2944 exhibeat

354 2982 432 3049 licet
454 2989 490 3048 at
512 2984 616 3069 amyli
637 2985 738 3050 nulla.
774 2984 852 3070 Ipse
874 2985 984 3071 liquor
1006 2985 1164 3071 ponderis
1187 2984 1329 3070 specifici
1353 2985 1398 3048 sit
1420 3005 1488 3048 non

355 3089 464 3154 minus
498 3112 597 3177 qnam
634 3094 750 3170 1,110;
785 3091 900 3158 addito
935 3093 1059 3160 nitrate
1093 3092 1264 3178 argentico
1287 3091 1342 3155 vel
1364 3091 1489 3156 nitrate

354 3197 505 3282 berytieo
524 3197 658 3262 minime
670 3199 834 3278 turbetur,
847 3198 963 3265 addito
975 3199 1113 3284 spiritus
1124 3198 1292 3263 volumine
1303 3198 1488 3284 quadruplo

355 3303 608 3389 praecipitatum
642 3326 683 3369 ne
713 3303 876 3391 deponat3
908 3306 1047 3391 liquoris
1074 3306 1271 3371 centimetra
1293 3304 1410 3370 cubica
1435 3306 1486 3380 10,

353 3408 476 3474 additis
498 3431 604 3495 aquae
626 3411 699 3496 pari
721 3411 890 3477 volumine
910 3418 944 3477 et
956 3412 1265 3498 phenolphthaleini
1284 3411 1391 3497 guttis
1404 3413 1433 3488 2,
1447 3415 1486 3475 ut

354 3517 647 3594 rubescant‚alcali
657 3517 1032 3604 decinormslisneplus
1043 3517 1487 3606 requirantquamcentima-

356 3626 445 3687 trum
467 3623 620 3689 cubicum
646 3629 674 3689 1.

399 3730 508 3796 Mollis
537 3737 723 3816 gmmmata
755 3735 796 3796 10
827 3734 1002 3799 combusta
1032 3733 1152 3798 cineris
1182 3755 1224 3797 ne
1252 3733 1363 3798 minus
1385 3754 1484 3818 quam

355 3835 622 3922 milligrsmmata
647 3841 687 3902 10
710 3860 795 3903 neve
818 3840 1015 3926 plusquam
1040 3842 1082 3904 80
1104 3840 1304 3925 relinquant.

399 3942 440 4006 In
473 3943 571 4010 India
604 3945 848 4010 Nederlandica
882 3946 950 4010 Mel
983 3946 1157 4012 collectum
1191 3946 1235 4011 ab
1267 3945 1342 4009 aliis
1376 3944 1488 4028 apium

356 4051 532 4132 generibus
565 4051 765 4117 adhibeatur
794 4051 881 4130 licet,
905 4052 1085 4118 dummodo
1108 4073 1183 4118 cum
1208 4072 1308 4136 supra
1331 4049 1488 4134 descripti

356 4160 474 4222 natura
507 4159 686 4224 conveniat
720 4165 755 4222 et
790 4157 946 4242 puritatis
980 4159 1110 4243 legibus
1134 4156 1268 4240 scriptis
1292 4155 1487 4221 satisfaciat.
