3584 5026
807 562 810 570 Ι
868 473 932 535 219

377 667 642 754 Hypophosphis
661 667 801 733 celcious
818 667 853 731 in
865 688 950 752 eque
962 667 1102 750 (1:20)
1114 665 1252 743 solutus,
1266 686 1325 750 per
1336 665 1466 730 acidum

332 775 623 862 hydrochloricum
646 774 760 841 acidus
783 774 903 853 fectus,
927 773 1042 840 eddito
1066 772 1160 840 scido
1184 770 1463 857 hydrosuliurico,

333 881 474 968 speciem
486 903 528 946 ne
540 886 657 947 mutet.

378 989 644 1076 Hypophosphis
661 989 801 1055 celcicus
820 988 855 1053 in
874 1009 961 1074 eque
975 989 1138 1073 (1:100)
1150 986 1280 1052 solutus
1291 986 1406 1052 addito
1418 986 1468 1051 ni-

334 1101 421 1162 trete
432 1096 584 1182 berytico
595 1095 651 1161 vel
661 1099 790 1161 ecetote
801 1095 969 1181 plumbico
981 1117 1023 1160 ne
1034 1092 1150 1160 stetim
1163 1092 1325 1159 turbetur.

379 1199 1467 1288 Huiusliquoriscentimetriscubicis5nitretisergenticiguttis3

334 1316 368 1376 et
382 1309 468 1377 scidi
479 1310 591 1375 uitrici
605 1309 802 1376 centimetro
814 1308 929 1376 cubico
944 1309 1095 1386 lmixtis‚
1104 1307 1359 1394 praecipitatum
1370 1306 1467 1371 initio

332 1418 454 1497 elbum,
475 1423 547 1484 tum
558 1416 700 1496 fuscum,
713 1417 854 1502 denique
866 1415 1122 1503 griseonigrum,
1138 1414 1344 1491 calefactum,
1358 1417 1467 1479 totum

333 1524 485 1590 solvetur
510 1530 570 1590 eut
591 1524 701 1609 liquor
724 1523 955 1589 tantummodo
978 1522 1144 1588 levissime
1167 1520 1336 1608 opulescet
1357 1518 1467 1586 colore

333 1631 454 1698 elbido.

378 1737 671 1824 Hypophospbitis
694 1736 807 1802 celcici
830 1737 1107 1822 milligremmutin
1128 1737 1191 1800 100
1203 1735 1239 1799 in
1251 1756 1356 1820 equus
1368 1734 1467 1799 centi-

334 1844 448 1909 metris
467 1842 592 1909 cubicis
612 1846 653 1907 10
665 1843 794 1922 solutis,
808 1842 928 1909 deinde
939 1864 1006 1907 uns
1018 1863 1093 1908 cum
1105 1841 1189 1908 scidi
1202 1840 1353 1907 sulfurici
1365 1840 1468 1908 centi-

334 1952 449 2018 metris
468 1951 593 2017 cubicis
614 1953 655 2016 10
676 1955 710 2016 et
729 1949 999 2036 permsngenetis
1011 1949 1110 2014 kelici
1123 1948 1353 2014 decinormslis
1365 1947 1468 2015 centi-

334 2059 449 2124 metris
467 2057 592 2124 cubicis
613 2061 655 2123 50
674 2079 734 2143 per
752 2059 854 2122 horse
873 2061 1002 2142 partem
1022 2061 1151 2121 sextum
1169 2056 1346 2132 concoctis,
1359 2056 1469 2146 liquor

334 2167 381 2231 its
392 2170 529 2252 peretus
541 2172 580 2230 ut
598 2165 816 2243 decoloretur,
836 2164 921 2230 ccidi
938 2163 1056 2229 oxelici
1072 2161 1467 2229 decinormeliscentime-

337 2277 389 2338 trs
403 2272 517 2338 cubico
529 2295 571 2337 ne
583 2272 658 2358 plus
670 2293 769 2357 quem
782 2273 803 2335 4
815 2271 973 2356 requiret.

476 2624 526 2723 ÷
561 2627 956 2749 Hypoptosptis
990 2627 1245 2720 octricus.

759 2784 1042 2872 NaH,P0,.H,0.
1207 2775 1210 2780 ¹

379 2912 492 2978 Pulvis
521 2912 626 2990 elbus,
658 2910 882 2996 crystallinus,
908 2909 1020 2974 odoris
1043 2929 1170 2994 expers,
1195 2908 1465 2994 hygroscopicus.

336 3018 601 3106 Hypophosphis
623 3017 772 3084 netricus
794 3017 829 3081 in
852 3037 957 3102 eques
976 3015 1127 3102 pertibus
1147 3017 1202 3093 0,8
1225 3021 1259 3080 et
1277 3017 1312 3079 in
1330 3014 1468 3100 spiritus

336 3127 487 3212 pertibus
511 3129 565 3205 9,2
588 3125 741 3190 solvitur.

379 3233 645 3320 Hypophosphis
656 3230 804 3297 astricus
812 3230 978 3295 flammam
986 3253 1054 3296 non
1062 3231 1228 3296 lucentem
1237 3229 1351 3294 stetim
1359 3230 1468 3296 colore

334 3339 527 3406 veldeflevo
539 3339 660 3418 inficit3
673 3338 865 3416 calefactus,
879 3339 1036 3404 emittens
1048 3336 1292 3423 hydrogenium
1300 3336 1468 3422 phospho-

335 3451 443 3512 rstum
466 3468 542 3512 eere
565 3446 791 3523 exardescens,
815 3445 1020 3510 dissolvitur.

378 3553 644 3641 Hypophosphis
662 3553 811 3618 netricus
830 3551 866 3615 in
885 3572 971 3636 eque
986 3551 1127 3636 (1:20)
1139 3550 1278 3627 solutus,
1291 3549 1406 3614 addito
1419 3548 1469 3611 ni-

335 3665 421 3727 trete
438 3661 619 3747 argentico,
639 3659 894 3746 praecipitatum
909 3657 1021 3723 elbum
1040 3657 1187 3743 deponit,
1205 3656 1291 3742 quod
1317 3678 1397 3721 mox
1415 3654 1467 3719 fu-

336 3787 427 3833 scum
450 3767 498 3846 fit,
523 3768 642 3833 deinde
666 3765 836 3852 nigrescit.

379 3875 674 3962 Hypophosphitis
696 3872 816 3939 netrici
840 3893 990 3957 gramme
1016 3875 1045 3949 l,
1069 3869 1194 3936 additis
1217 3869 1303 3935 ccidi
1318 3867 1467 3934 terterici

336 3987 517 4066 grammate
538 3983 554 4046 1
578 3986 612 4046 et
630 4001 736 4066 eques
755 3977 960 4045 centimetris
974 3977 1099 4043 cubicis
1120 3980 1149 4056 5,
1169 3977 1331 4062 liquorem
1342 3974 1468 4039 clerum

337 4089 646 4280 prboxrbhosphis
668 4193 817 4259 netricus
839 4193 875 4256 in
898 4213 984 4276 eque
1007 4193 1040 4276 (1
1060 4219 1093 4252 =
1112 4192 1147 4274 2)
1170 4189 1300 4254 solutus
1318 4186 1470 4251 neutrius
