3466 5038
895 511 937 574 68

647 705 916 802 Carbones
951 707 1173 803 tuticus.

857 883 991 971 nco.

393 1025 507 1092 Pulvis
529 1027 633 1104 elbus,
656 1047 828 1112 gnunosus,
846 1026 1115 1113 hygroscopicus.
1152 1026 1324 1094 Carbones
1346 1028 1476 1095 kslicus

347 1132 383 1196 in
405 1156 510 1219 equae
532 1133 685 1219 pertibus
707 1135 783 1212 0‚92
807 1134 959 1212 solvitur,
982 1134 1150 1219 inspiritu
1162 1134 1232 1199 fere
1243 1156 1312 1199 non
1324 1135 1473 1200 solvitur.

392 1238 591 1306 Csrbonctis
613 1240 714 1305 kslici
737 1262 886 1326 grummo
911 1244 928 1303 1
952 1240 988 1304 in
1011 1261 1116 1326 cquae
1132 1241 1337 1308 centimetris
1352 1242 1475 1307 cubicis

349 1346 389 1409 15
424 1346 570 1411 solutum
603 1346 782 1412 recctionis
805 1346 965 1412 ulcelinsc
987 1353 1055 1426 est3
1079 1349 1194 1414 eddito
1217 1349 1303 1414 scidi
1325 1349 1473 1414 tertnrici

345 1459 529 1538 grammate
553 1457 570 1516 1
595 1454 631 1517 in
654 1475 759 1539 squcc
774 1454 978 1520 centimetris
990 1455 1114 1522 cubicis
1127 1460 1146 1521 5
1158 1455 1279 1534 solutu,
1292 1455 1473 1542 dioxydum

345 1559 557 1625 csrbonicum
597 1560 763 1652 emittens,
797 1560 1052 1646 praecipitatum
1085 1562 1206 1640 elbum,
1242 1563 1473 1648 mystsllinum

345 1666 493 1750 deponit.

390 1771 589 1839 Cerbonstis
611 1775 712 1840 kulici
734 1796 884 1860 grsmms
909 1777 926 1838 1
950 1775 986 1838 in
1008 1775 1093 1840 scidi
1115 1775 1228 1841 nitrici
1250 1775 1348 1841 diluti
1369 1775 1472 1841 centi-

345 1881 460 1947 metris
493 1881 617 1948 cubicis
647 1883 669 1945 4
703 1887 737 1948 et
759 1904 864 1968 equse
886 1881 1092 1947 centimetris
1114 1881 1238 1947 cubicis
1263 1884 1303 1947 16
1326 1882 1472 1948 solutum

344 1988 458 2054 sddito
480 1988 604 2054 nitrete
626 1989 778 2076 bsrytico
801 2010 844 2054 ns
863 1988 1033 2067 turbetur3
1056 2010 1161 2075 cqusc
1184 1989 1372 2073 quantitate
1393 2011 1472 2075 qus·

343 2096 462 2181 drupls
479 2095 632 2175 dilutum,
656 2097 771 2162 sddito
792 2097 916 2162 nitretc
938 2094 1119 2181 urgentico,
1144 2116 1204 2180 per
1224 2095 1326 2160 horse
1345 2100 1472 2181 purtem

341 2223 410 2266 non
431 2201 542 2266 minus
563 2224 662 2287 quum
684 2202 912 2268 duodecimum
935 2203 1059 2268 clsrum
1082 2202 1135 2268 sit.

388 2306 587 2374 Cerbonstis
623 2309 725 2375 kslici
758 2313 944 2396 grammate
979 2311 1008 2386 2,
1042 2308 1167 2375 additis
1200 2309 1286 2374 scidi
1319 2308 1471 2374 scillulici

341 2413 441 2479 diluti
474 2414 679 2481 centimetris
713 2416 836 2482 cubicis
868 2418 920 2494 20,
955 2415 1116 2501 liquorem
1147 2415 1267 2481 coloris
1290 2419 1469 2500 expertem,

341 2523 467 2587 clarum
490 2522 680 2607 prcobeent.
704 2524 783 2601 Gsz,
807 2523 896 2610 quod
917 2523 954 2587 in
976 2522 1137 2588 solvendo
1160 2522 1346 2607 expellitur,
1360 2521 1471 2586 odon's

341 2651 458 2714 expers
492 2629 546 2707 sit,
589 2631 738 2695 chartam
772 2631 928 2707 bibulum,
954 2634 1082 2695 ecststc
1117 2628 1283 2714 plumbico
1306 2627 1470 2693 madefec-

221 2813 224 2826 Ι
340 2741 419 2814 tem,
442 2758 484 2800 ne
507 2736 635 2802 coloret
657 2738 862 2824 (adforeto);
886 2736 1071 2802 solutorum
1093 2757 1180 2821 pers,
1201 2736 1471 2821 permsngcnetis

339 2839 441 2904 kslici
473 2843 507 2926 (1
525 2866 560 2900 :
578 2843 679 2924 1000)
708 2847 805 2927 gutta
841 2846 857 2906 1
889 2843 1004 2920 mixta,
1039 2864 1098 2927 por
1128 2843 1229 2907 horse
1252 2845 1380 2927 purtem
1402 2862 1471 2907 non

339 2947 449 3010 minus
482 2969 582 3032 qucm
611 2947 842 3014 duodecimum
871 2949 973 3014 rubra
996 2949 1041 3015 sit
1062 2949 1209 3032 (acidum
1225 2949 1468 3032 formicicum);

338 3053 523 3118 solutorum
545 3054 651 3119 alters
672 3076 750 3140 pers
772 3060 867 3121 cocta
889 3055 980 3121 clero
1002 3057 1046 3122 sit
1064 3055 1241 3141 (cilicutec),
1266 3077 1308 3119 ne
1331 3077 1390 3140 per
1401 3077 1469 3119 sm-

337 3159 483 3223 monism
516 3160 650 3246 quidem
685 3161 825 3227 slcslins
858 3162 957 3240 facts,
993 3162 1108 3228 addito
1136 3161 1231 3228 acido
1254 3161 1469 3246 hydrosulfu·

336 3264 415 3344 rico,
440 3267 582 3350 speciem
604 3272 722 3333 mutet.

382 3370 583 3439 Cerbonctis
605 3374 707 3441 kalici
726 3375 998 3462 milligremmate
1017 3377 1082 3440 500
1099 3376 1136 3440 in
1147 3395 1252 3460 cquae
1264 3373 1468 3439 centimetris

337 3479 461 3545 cubicis
496 3483 515 3544 5
550 3481 670 3560 soluta,
706 3482 841 3548 nitrstis
875 3483 1018 3569 bsrytici
1043 3481 1248 3547 centimetris
1275 3480 1398 3546 cubicis
1425 3481 1467 3544 20

335 3586 450 3664 mixte,
471 3587 595 3653 additis
607 3588 915 3676 phenolphthslsini
927 3589 1034 3675 guttis
1047 3589 1076 3667 3,
1089 3609 1132 3652 nc
1142 3587 1320 3653 rubescent
1332 3587 1468 3673 (hydros

336 3691 488 3777 baticus).

381 3796 580 3866 Carbonstis
603 3801 704 3866 kulici
727 3824 877 3887 grummo
901 3807 929 3881 1,
954 3825 1029 3868 cum
1052 3801 1229 3868 solutionis
1245 3799 1467 3886 hydrstisne·

334 3905 412 3970 trici
445 3907 651 3973 centimetris
684 3908 808 3974 cubicis
844 3913 863 3974 5
897 3913 931 3974 et
965 3909 1095 3995 perium
1125 3908 1271 3998 portium
1293 3908 1466 3992 pulverum

333 4010 419 4075 zinci
448 4016 483 4076 et
512 4011 595 4077 ferri
624 4014 805 4079 mixterum
835 4019 1058 4101 giummstel
1088 4018 1292 4091 concoctum,
1313 4035 1374 4098 goz
1397 4033 1466 4077 sm-

333 4118 465 4182 monise
499 4141 542 4184 ne
576 4121 710 4186 emittst
739 4123 919 4206 (nitratcc);
954 4143 1095 4208 quorum
1125 4121 1306 4185 mixtorum
1328 4118 1464 4183 filtrstis

333 4223 467 4289 sulfstis
499 4224 621 4291 ierrosi
656 4227 935 4314 milligrcmmstis
971 4231 1013 4292 50
1044 4227 1177 4304 additis,
1201 4225 1319 4311 liquor,
1342 4225 1464 4288 iterum
