<?xml version="1.0" encoding="UTF-8"?>
<!DOCTYPE html PUBLIC "-//W3C//DTD XHTML 1.0 Transitional//EN"
    "http://www.w3.org/TR/xhtml1/DTD/xhtml1-transitional.dtd">
<html xmlns="http://www.w3.org/1999/xhtml" xml:lang="en" lang="en">
 <head>
  <title>
</title>
<meta http-equiv="Content-Type" content="text/html;charset=utf-8" />
  <meta name='ocr-system' content='tesseract 3.04.00' />
  <meta name='ocr-capabilities' content='ocr_page ocr_carea ocr_par ocr_line ocrx_word'/>
</head>
<body>
  <div class='ocr_page' id='page_1' title='image "./pharmocopoeaned00zakegoog_0140.png"; bbox 0 0 3530 5026; ppageno 0'>
   <div class='ocr_carea' id='block_1_1' title="bbox 868 503 931 565">
    <p class='ocr_par' dir='ltr' id='par_1_1' title="bbox 868 503 931 565">
     <span class='ocr_line' id='line_1_1' title="bbox 868 503 931 565; baseline 0.016 -1"><span class='ocrx_word' id='word_1_1' title='bbox 868 503 931 565; x_wconf 88' lang='grc'><strong>109</strong></span> 
     </span>
    </p>
   </div>
   <div class='ocr_carea' id='block_1_2' title="bbox 334 696 1475 3454">
    <p class='ocr_par' dir='ltr' id='par_1_2' title="bbox 334 696 1475 2388">
     <span class='ocr_line' id='line_1_2' title="bbox 336 696 1465 782; baseline -0.004 -16"><span class='ocrx_word' id='word_1_2' title='bbox 336 703 406 766; x_wconf 88' lang='lat' dir='ltr'><strong>tum</strong></span> <span class='ocrx_word' id='word_1_3' title='bbox 428 699 609 776; x_wconf 84' lang='lat' dir='ltr'><strong>contineat,</strong></span> <span class='ocrx_word' id='word_1_4' title='bbox 632 698 682 763; x_wconf 84' lang='lat' dir='ltr'><strong>ita</strong></span> <span class='ocrx_word' id='word_1_5' title='bbox 704 697 878 763; x_wconf 85' lang='lat' dir='ltr'><strong>statuitur:</strong></span> <span class='ocrx_word' id='word_1_6' title='bbox 902 696 944 761; x_wconf 92' lang='lat' dir='ltr'><strong>In</strong></span> <span class='ocrx_word' id='word_1_7' title='bbox 967 696 1087 782; x_wconf 84' lang='lat' dir='ltr'><strong>lagena</strong></span> <span class='ocrx_word' id='word_1_8' title='bbox 1105 697 1191 762; x_wconf 87' lang='lat' dir='ltr'><strong>sicea</strong></span> <span class='ocrx_word' id='word_1_9' title='bbox 1206 696 1351 760; x_wconf 86' lang='lat' dir='ltr'><strong>aetheris</strong></span> <span class='ocrx_word' id='word_1_10' title='bbox 1362 696 1465 761; x_wconf 86' lang='lat' dir='ltr'><strong>centi-</strong></span> 
     </span>
     <span class='ocr_line' id='line_1_3' title="bbox 335 801 1465 890; baseline -0.005 -18"><span class='ocrx_word' id='word_1_11' title='bbox 335 811 440 872; x_wconf 79' lang='lat' dir='ltr'><strong>metra</strong></span> <span class='ocrx_word' id='word_1_12' title='bbox 469 805 586 872; x_wconf 87' lang='lat' dir='ltr'><strong>cubica</strong></span> <span class='ocrx_word' id='word_1_13' title='bbox 615 808 678 869; x_wconf 94' lang='lat'><strong>100</strong></span> <span class='ocrx_word' id='word_1_14' title='bbox 701 826 886 890; x_wconf 85' lang='lat' dir='ltr'><strong>conquessa</strong></span> <span class='ocrx_word' id='word_1_15' title='bbox 907 825 983 870; x_wconf 88' lang='lat' dir='ltr'><strong>cum</strong></span> <span class='ocrx_word' id='word_1_16' title='bbox 1006 801 1150 868; x_wconf 86' lang='lat' dir='ltr'><strong>Cortiois</strong></span> <span class='ocrx_word' id='word_1_17' title='bbox 1172 803 1313 868; x_wconf 86' lang='lat' dir='ltr'><strong>Cranati</strong></span> <span class='ocrx_word' id='word_1_18' title='bbox 1334 803 1370 866; x_wconf 91' lang='lat' dir='ltr'><strong>in</strong></span> <span class='ocrx_word' id='word_1_19' title='bbox 1393 802 1465 887; x_wconf 90' lang='lat' dir='ltr'><strong>pul·</strong></span> 
     </span>
     <span class='ocr_line' id='line_1_4' title="bbox 336 909 1465 998; baseline -0.002 -23"><span class='ocrx_word' id='word_1_20' title='bbox 336 913 541 998; x_wconf 76' lang='lat' dir='ltr'><strong>verem(B„)</strong></span> <span class='ocrx_word' id='word_1_21' title='bbox 549 911 676 978; x_wconf 86' lang='lat' dir='ltr'><strong>redacti</strong></span> <span class='ocrx_word' id='word_1_22' title='bbox 683 912 878 997; x_wconf 77' lang='lat' dir='ltr'><strong>grammatis</strong></span> <span class='ocrx_word' id='word_1_23' title='bbox 889 914 939 990; x_wconf 80' lang='lat'><strong>12,</strong></span> <span class='ocrx_word' id='word_1_24' title='bbox 948 910 1068 998; x_wconf 90' lang='lat' dir='ltr'><strong>quibus</strong></span> <span class='ocrx_word' id='word_1_25' title='bbox 1080 909 1165 984; x_wconf 86' lang='lat' dir='ltr'><strong>adde</strong></span> <span class='ocrx_word' id='word_1_26' title='bbox 1176 910 1282 974; x_wconf 86' lang='lat' dir='ltr'><strong>mixta</strong></span> <span class='ocrx_word' id='word_1_27' title='bbox 1289 909 1465 975; x_wconf 73' lang='lat' dir='ltr'>solutionis</span> 
     </span>
     <span class='ocr_line' id='line_1_5' title="bbox 335 1017 1466 1104; baseline -0.004 -20"><span class='ocrx_word' id='word_1_28' title='bbox 335 1019 487 1104; x_wconf 87' lang='lat' dir='ltr'><strong>hydratis</strong></span> <span class='ocrx_word' id='word_1_29' title='bbox 516 1019 637 1084; x_wconf 74' lang='lat' dir='ltr'><strong>notrici</strong></span> <span class='ocrx_word' id='word_1_30' title='bbox 667 1018 863 1084; x_wconf 86' lang='lat' dir='ltr'><strong>centimetra</strong></span> <span class='ocrx_word' id='word_1_31' title='bbox 892 1018 1007 1084; x_wconf 87' lang='lat' dir='ltr'><strong>cubica</strong></span> <span class='ocrx_word' id='word_1_32' title='bbox 1038 1021 1057 1083; x_wconf 90' lang='lat'><strong>6</strong></span> <span class='ocrx_word' id='word_1_33' title='bbox 1085 1022 1119 1082; x_wconf 90' lang='lat' dir='ltr'><strong>et</strong></span> <span class='ocrx_word' id='word_1_34' title='bbox 1141 1039 1246 1103; x_wconf 86' lang='lat' dir='ltr'><strong>equae</strong></span> <span class='ocrx_word' id='word_1_35' title='bbox 1269 1017 1466 1083; x_wconf 86' lang='lat' dir='ltr'><strong>centimetre</strong></span> 
     </span>
     <span class='ocr_line' id='line_1_6' title="bbox 335 1123 1465 1211; baseline -0.004 -20"><span class='ocrx_word' id='word_1_36' title='bbox 335 1126 450 1192; x_wconf 89' lang='lat' dir='ltr'><strong>cubica</strong></span> <span class='ocrx_word' id='word_1_37' title='bbox 482 1129 541 1204; x_wconf 83' lang='lat'><strong>183</strong></span> <span class='ocrx_word' id='word_1_38' title='bbox 572 1125 708 1190; x_wconf 86' lang='lat' dir='ltr'><strong>fortiter</strong></span> <span class='ocrx_word' id='word_1_39' title='bbox 738 1130 773 1190; x_wconf 87' lang='lat' dir='ltr'><strong>et</strong></span> <span class='ocrx_word' id='word_1_40' title='bbox 794 1125 987 1211; x_wconf 83' lang='lat' dir='ltr'><strong>frequenter</strong></span> <span class='ocrx_word' id='word_1_41' title='bbox 1010 1147 1068 1210; x_wconf 91' lang='lat' dir='ltr'><strong>per</strong></span> <span class='ocrx_word' id='word_1_42' title='bbox 1091 1126 1193 1190; x_wconf 85' lang='lat' dir='ltr'><strong>horae</strong></span> <span class='ocrx_word' id='word_1_43' title='bbox 1216 1129 1346 1208; x_wconf 89' lang='lat' dir='ltr'><strong>partem</strong></span> <span class='ocrx_word' id='word_1_44' title='bbox 1369 1123 1465 1187; x_wconf 89' lang='lat' dir='ltr'><strong>dimi·</strong></span> 
     </span>
     <span class='ocr_line' id='line_1_7' title="bbox 334 1228 1466 1320; baseline -0.003 -22"><span class='ocrx_word' id='word_1_45' title='bbox 334 1233 423 1298; x_wconf 86' lang='lat' dir='ltr'><strong>diem</strong></span> <span class='ocrx_word' id='word_1_46' title='bbox 446 1239 668 1320; x_wconf 85' lang='lat' dir='ltr'><strong>conquassata</strong></span> <span class='ocrx_word' id='word_1_47' title='bbox 689 1232 744 1299; x_wconf 86' lang='lat' dir='ltr'><strong>fac</strong></span> <span class='ocrx_word' id='word_1_48' title='bbox 765 1232 920 1298; x_wconf 74' lang='lat' dir='ltr'><strong>desidant</strong></span> <span class='ocrx_word' id='word_1_49' title='bbox 942 1254 1001 1317; x_wconf 90' lang='lat' dir='ltr'><strong>per</strong></span> <span class='ocrx_word' id='word_1_50' title='bbox 1024 1233 1125 1297; x_wconf 90' lang='lat' dir='ltr'><strong>horas</strong></span> <span class='ocrx_word' id='word_1_51' title='bbox 1137 1235 1172 1310; x_wconf 88' lang='lat'><strong>6;</strong></span> <span class='ocrx_word' id='word_1_52' title='bbox 1192 1229 1369 1295; x_wconf 89' lang='lat' dir='ltr'><strong>solutionis</strong></span> <span class='ocrx_word' id='word_1_53' title='bbox 1380 1228 1466 1295; x_wconf 87' lang='lat' dir='ltr'><strong>alca-</strong></span> 
     </span>
     <span class='ocr_line' id='line_1_8' title="bbox 334 1336 1475 1425; baseline -0.003 -22"><span class='ocrx_word' id='word_1_54' title='bbox 334 1340 518 1406; x_wconf 90' lang='lat' dir='ltr'><strong>loideorum</strong></span> <span class='ocrx_word' id='word_1_55' title='bbox 547 1341 722 1405; x_wconf 76' lang='lat' dir='ltr'><strong>aethereae</strong></span> <span class='ocrx_word' id='word_1_56' title='bbox 752 1341 861 1405; x_wconf 89' lang='lat' dir='ltr'><strong>clarae</strong></span> <span class='ocrx_word' id='word_1_57' title='bbox 884 1361 983 1425; x_wconf 86' lang='lat' dir='ltr'><strong>quam</strong></span> <span class='ocrx_word' id='word_1_58' title='bbox 1005 1339 1185 1424; x_wconf 92' lang='lat' dir='ltr'><strong>plurimum</strong></span> <span class='ocrx_word' id='word_1_59' title='bbox 1207 1336 1364 1415; x_wconf 86' lang='lat' dir='ltr'><strong>defunde,</strong></span> <span class='ocrx_word' id='word_1_60' title='bbox 1388 1357 1475 1402; x_wconf 55' lang='lat' dir='ltr'><strong>cum*</strong></span> 
     </span>
     <span class='ocr_line' id='line_1_9' title="bbox 334 1445 1466 1534; baseline -0.004 -23"><span class='ocrx_word' id='word_1_61' title='bbox 334 1447 480 1532; x_wconf 82' lang='lat' dir='ltr'><strong>pulveris</strong></span> <span class='ocrx_word' id='word_1_62' title='bbox 498 1449 736 1534; x_wconf 78' lang='lat' dir='ltr'><strong>tragacanthee</strong></span> <span class='ocrx_word' id='word_1_63' title='bbox 748 1447 943 1534; x_wconf 78' lang='lat' dir='ltr'><strong>grammatic</strong></span> <span class='ocrx_word' id='word_1_64' title='bbox 956 1450 975 1511; x_wconf 80' lang='lat'><strong>2</strong></span> <span class='ocrx_word' id='word_1_65' title='bbox 988 1467 1180 1532; x_wconf 85' lang='lat' dir='ltr'><strong>conquassa,</strong></span> <span class='ocrx_word' id='word_1_66' title='bbox 1194 1445 1380 1510; x_wconf 87' lang='lat' dir='ltr'><strong>solutorum</strong></span> <span class='ocrx_word' id='word_1_67' title='bbox 1391 1465 1466 1510; x_wconf 88' lang='lat' dir='ltr'><strong>cen-</strong></span> 
     </span>
     <span class='ocr_line' id='line_1_10' title="bbox 337 1550 1466 1636; baseline -0.004 -18"><span class='ocrx_word' id='word_1_68' title='bbox 337 1553 470 1619; x_wconf 86' lang='lat' dir='ltr'><strong>timetra</strong></span> <span class='ocrx_word' id='word_1_69' title='bbox 488 1554 605 1620; x_wconf 88' lang='lat' dir='ltr'><strong>cubica</strong></span> <span class='ocrx_word' id='word_1_70' title='bbox 624 1557 666 1618; x_wconf 90' lang='lat'><strong>50</strong></span> <span class='ocrx_word' id='word_1_71' title='bbox 678 1553 841 1632; x_wconf 82' lang='lat' dir='ltr'><strong>defunde;</strong></span> <span class='ocrx_word' id='word_1_72' title='bbox 855 1554 908 1619; x_wconf 91' lang='lat' dir='ltr'><strong>his</strong></span> <span class='ocrx_word' id='word_1_73' title='bbox 920 1553 1004 1618; x_wconf 85' lang='lat' dir='ltr'><strong>adde</strong></span> <span class='ocrx_word' id='word_1_74' title='bbox 1017 1550 1466 1636; x_wconf 81' lang='lat' dir='ltr'><strong>Sulfodimethylamidoano-</strong></span> 
     </span>
     <span class='ocr_line' id='line_1_11' title="bbox 336 1656 1466 1746; baseline -0.002 -23"><span class='ocrx_word' id='word_1_75' title='bbox 336 1660 508 1726; x_wconf 85' lang='lat' dir='ltr'><strong>lenzolatis</strong></span> <span class='ocrx_word' id='word_1_76' title='bbox 519 1661 641 1725; x_wconf 82' lang='lat' dir='ltr'><strong>nutrici</strong></span> <span class='ocrx_word' id='word_1_77' title='bbox 652 1663 685 1744; x_wconf 89' lang='lat'><strong>(1</strong></span> <span class='ocrx_word' id='word_1_78' title='bbox 694 1687 727 1720; x_wconf 91' lang='lat'><strong><em>=</em></strong></span> <span class='ocrx_word' id='word_1_79' title='bbox 736 1663 837 1744; x_wconf 90' lang='lat'>1000)</span> <span class='ocrx_word' id='word_1_80' title='bbox 847 1665 962 1746; x_wconf 82' lang='lat' dir='ltr'><strong>guttas</strong></span> <span class='ocrx_word' id='word_1_81' title='bbox 975 1665 994 1726; x_wconf 88' lang='lat'><strong><em>5</em></strong></span> <span class='ocrx_word' id='word_1_82' title='bbox 1007 1664 1050 1738; x_wconf 88' lang='lat' dir='ltr'><strong>et,</strong></span> <span class='ocrx_word' id='word_1_83' title='bbox 1064 1659 1257 1746; x_wconf 78' lang='lat' dir='ltr'><strong>frequenter</strong></span> <span class='ocrx_word' id='word_1_84' title='bbox 1266 1656 1466 1743; x_wconf 72' lang='lat' dir='ltr'><strong>fortiterque</strong></span> 
     </span>
     <span class='ocr_line' id='line_1_12' title="bbox 336 1767 1467 1853; baseline -0.003 -22"><span class='ocrx_word' id='word_1_85' title='bbox 336 1789 571 1853; x_wconf 84' lang='lat' dir='ltr'><strong>conquassans,</strong></span> <span class='ocrx_word' id='word_1_86' title='bbox 600 1767 686 1834; x_wconf 83' lang='lat' dir='ltr'><strong>acidi</strong></span> <span class='ocrx_word' id='word_1_87' title='bbox 715 1767 961 1852; x_wconf 87' lang='lat' dir='ltr'><strong>hydrochlorici</strong></span> <span class='ocrx_word' id='word_1_88' title='bbox 990 1767 1240 1834; x_wconf 84' lang='lat' dir='ltr'><strong>centinormelis</strong></span> <span class='ocrx_word' id='word_1_89' title='bbox 1262 1769 1403 1842; x_wconf 85' lang='lat' dir='ltr'><strong>tantum,</strong></span> <span class='ocrx_word' id='word_1_90' title='bbox 1428 1768 1467 1828; x_wconf 92' lang='lat' dir='ltr'><strong>ut</strong></span> 
     </span>
     <span class='ocr_line' id='line_1_13' title="bbox 336 1870 1466 1961; baseline -0.002 -24"><span class='ocrx_word' id='word_1_91' title='bbox 336 1873 444 1958; x_wconf 94' lang='lat' dir='ltr'><strong>liquor</strong></span> <span class='ocrx_word' id='word_1_92' title='bbox 469 1896 613 1961; x_wconf 84' lang='lat' dir='ltr'><strong>aquosus</strong></span> <span class='ocrx_word' id='word_1_93' title='bbox 635 1874 850 1940; x_wconf 83' lang='lat' dir='ltr'><strong>manifestum</strong></span> <span class='ocrx_word' id='word_1_94' title='bbox 873 1879 907 1940; x_wconf 89' lang='lat' dir='ltr'><strong>et</strong></span> <span class='ocrx_word' id='word_1_95' title='bbox 929 1879 1140 1940; x_wconf 86' lang='lat' dir='ltr'><strong>constantem</strong></span> <span class='ocrx_word' id='word_1_96' title='bbox 1162 1875 1306 1940; x_wconf 90' lang='lat' dir='ltr'><strong>colorem</strong></span> <span class='ocrx_word' id='word_1_97' title='bbox 1328 1870 1466 1936; x_wconf 90' lang='lat' dir='ltr'><strong>rubrum</strong></span> 
     </span>
     <span class='ocr_line' id='line_1_14' title="bbox 337 1977 1467 2067; baseline -0.004 -23"><span class='ocrx_word' id='word_1_98' title='bbox 337 1981 464 2060; x_wconf 83' lang='lat' dir='ltr'><strong>trahat;</strong></span> <span class='ocrx_word' id='word_1_99' title='bbox 484 1981 570 2047; x_wconf 83' lang='lat' dir='ltr'><strong>acidi</strong></span> <span class='ocrx_word' id='word_1_100' title='bbox 589 1981 812 2067; x_wconf 73' lang='lat' dir='ltr'><strong>quantitatem</strong></span> <span class='ocrx_word' id='word_1_101' title='bbox 824 1981 1038 2047; x_wconf 81' lang='lat' dir='ltr'><strong>excedentem</strong></span> <span class='ocrx_word' id='word_1_102' title='bbox 1050 2003 1109 2066; x_wconf 90' lang='lat' dir='ltr'><strong>per</strong></span> <span class='ocrx_word' id='word_1_103' title='bbox 1120 1980 1218 2045; x_wconf 87' lang='lat' dir='ltr'><strong>alcali</strong></span> <span class='ocrx_word' id='word_1_104' title='bbox 1229 1977 1467 2044; x_wconf 87' lang='lat' dir='ltr'><strong>centinormale</strong></span> 
     </span>
     <span class='ocr_line' id='line_1_15' title="bbox 335 2087 1466 2155; baseline -0.003 -4"><span class='ocrx_word' id='word_1_105' title='bbox 335 2088 517 2153; x_wconf 88' lang='lat' dir='ltr'><strong>retrotitra.</strong></span> <span class='ocrx_word' id='word_1_106' title='bbox 540 2088 635 2154; x_wconf 89' lang='lat' dir='ltr'><strong>Acidi</strong></span> <span class='ocrx_word' id='word_1_107' title='bbox 655 2089 903 2153; x_wconf 84' lang='lat' dir='ltr'><strong>centinormalis</strong></span> <span class='ocrx_word' id='word_1_108' title='bbox 921 2090 1117 2155; x_wconf 89' lang='lat' dir='ltr'><strong>centimetra</strong></span> <span class='ocrx_word' id='word_1_109' title='bbox 1135 2087 1251 2154; x_wconf 88' lang='lat' dir='ltr'><strong>cubica</strong></span> <span class='ocrx_word' id='word_1_110' title='bbox 1270 2109 1338 2151; x_wconf 91' lang='lat' dir='ltr'><strong>non</strong></span> <span class='ocrx_word' id='word_1_111' title='bbox 1356 2087 1466 2149; x_wconf 86' lang='lat' dir='ltr'><strong>minus</strong></span> 
     </span>
     <span class='ocr_line' id='line_1_16' title="bbox 337 2193 1467 2279; baseline -0.001 -21"><span class='ocrx_word' id='word_1_112' title='bbox 337 2193 1467 2279; x_wconf 86' lang='lat' dir='ltr'><strong>quam10,2odhibitasint.Acidicentinormalisconiuncticentime-</strong></span> 
     </span>
     <span class='ocr_line' id='line_1_17' title="bbox 338 2299 1466 2388; baseline -0.001 -24"><span class='ocrx_word' id='word_1_113' title='bbox 338 2305 391 2365; x_wconf 86' lang='lat' dir='ltr'><strong>tre</strong></span> <span class='ocrx_word' id='word_1_114' title='bbox 401 2301 516 2368; x_wconf 86' lang='lat' dir='ltr'><strong>cubica</strong></span> <span class='ocrx_word' id='word_1_115' title='bbox 527 2301 659 2387; x_wconf 80' lang='lat' dir='ltr'><strong>singula</strong></span> <span class='ocrx_word' id='word_1_116' title='bbox 670 2301 927 2368; x_wconf 88' lang='lat' dir='ltr'><strong>alcaloideorum</strong></span> <span class='ocrx_word' id='word_1_117' title='bbox 939 2303 1208 2388; x_wconf 86' lang='lat' dir='ltr'><strong>milligrammata</strong></span> <span class='ocrx_word' id='word_1_118' title='bbox 1222 2301 1294 2379; x_wconf 82' lang='lat'><strong>1,47</strong></span> <span class='ocrx_word' id='word_1_119' title='bbox 1306 2299 1466 2365; x_wconf 87' lang='lat' dir='ltr'><strong>indicant.</strong></span> 
     </span>
    </p>

    <p class='ocr_par' dir='ltr' id='par_1_3' title="bbox 340 2405 1466 2600">
     <span class='ocr_line' id='line_1_18' title="bbox 384 2405 1466 2491; baseline -0.004 -19"><span class='ocrx_word' id='word_1_120' title='bbox 384 2405 509 2474; x_wconf 85' lang='lat' dir='ltr'><strong>Cortex</strong></span> <span class='ocrx_word' id='word_1_121' title='bbox 530 2409 672 2474; x_wconf 84' lang='lat' dir='ltr'><strong>Granati</strong></span> <span class='ocrx_word' id='word_1_122' title='bbox 693 2407 886 2474; x_wconf 88' lang='lat' dir='ltr'><strong>combustus</strong></span> <span class='ocrx_word' id='word_1_123' title='bbox 908 2409 1028 2474; x_wconf 90' lang='lat' dir='ltr'><strong>cineris</strong></span> <span class='ocrx_word' id='word_1_124' title='bbox 1050 2429 1093 2472; x_wconf 89' lang='lat' dir='ltr'><strong>ne</strong></span> <span class='ocrx_word' id='word_1_125' title='bbox 1115 2407 1227 2471; x_wconf 89' lang='lat' dir='ltr'><strong>minus</strong></span> <span class='ocrx_word' id='word_1_126' title='bbox 1242 2427 1341 2491; x_wconf 85' lang='lat' dir='ltr'><strong>quem</strong></span> <span class='ocrx_word' id='word_1_127' title='bbox 1353 2410 1466 2490; x_wconf 89' lang='lat' dir='ltr'><strong>partes</strong></span> 
     </span>
     <span class='ocr_line' id='line_1_19' title="bbox 340 2515 1169 2600; baseline 0 -22"><span class='ocrx_word' id='word_1_128' title='bbox 340 2515 535 2580; x_wconf 85' lang='lat' dir='ltr'><strong>centesimas</strong></span> <span class='ocrx_word' id='word_1_129' title='bbox 558 2517 578 2579; x_wconf 91' lang='lat'>8</span> <span class='ocrx_word' id='word_1_130' title='bbox 601 2537 684 2580; x_wconf 91' lang='lat' dir='ltr'><strong>neve</strong></span> <span class='ocrx_word' id='word_1_131' title='bbox 706 2515 781 2600; x_wconf 86' lang='lat' dir='ltr'><strong>plus</strong></span> <span class='ocrx_word' id='word_1_132' title='bbox 803 2537 902 2600; x_wconf 83' lang='lat' dir='ltr'><strong>quam</strong></span> <span class='ocrx_word' id='word_1_133' title='bbox 929 2519 968 2580; x_wconf 89' lang='lat'><strong>15</strong></span> <span class='ocrx_word' id='word_1_134' title='bbox 992 2515 1169 2600; x_wconf 88' lang='lat' dir='ltr'><strong>relinquat.</strong></span> 
     </span>
    </p>

    <p class='ocr_par' dir='ltr' id='par_1_4' title="bbox 339 2617 1471 3454">
     <span class='ocr_line' id='line_1_20' title="bbox 383 2617 1465 2707; baseline -0.006 -20"><span class='ocrx_word' id='word_1_135' title='bbox 383 2620 471 2687; x_wconf 90' lang='lat' dir='ltr'><strong>Loco</strong></span> <span class='ocrx_word' id='word_1_136' title='bbox 506 2619 650 2687; x_wconf 90' lang='lat' dir='ltr'><strong>Corticis</strong></span> <span class='ocrx_word' id='word_1_137' title='bbox 683 2621 823 2687; x_wconf 86' lang='lat' dir='ltr'><strong>Cranati</strong></span> <span class='ocrx_word' id='word_1_138' title='bbox 857 2644 899 2686; x_wconf 89' lang='lat' dir='ltr'><strong>ex</strong></span> <span class='ocrx_word' id='word_1_139' title='bbox 933 2622 1068 2707; x_wconf 86' lang='lat' dir='ltr'><strong>Europe</strong></span> <span class='ocrx_word' id='word_1_140' title='bbox 1090 2619 1300 2686; x_wconf 83' lang='lat' dir='ltr'><strong>Meridionali</strong></span> <span class='ocrx_word' id='word_1_141' title='bbox 1324 2617 1465 2694; x_wconf 90' lang='lat' dir='ltr'><strong>oriundi,</strong></span> 
     </span>
     <span class='ocr_line' id='line_1_21' title="bbox 341 2723 1469 2814; baseline -0.004 -23"><span class='ocrx_word' id='word_1_142' title='bbox 341 2747 440 2812; x_wconf 90' lang='lat' dir='ltr'><strong>supra</strong></span> <span class='ocrx_word' id='word_1_143' title='bbox 458 2728 626 2814; x_wconf 83' lang='lat' dir='ltr'><strong>descripti,</strong></span> <span class='ocrx_word' id='word_1_144' title='bbox 643 2729 679 2792; x_wconf 91' lang='lat' dir='ltr'><strong>in</strong></span> <span class='ocrx_word' id='word_1_145' title='bbox 689 2728 788 2793; x_wconf 91' lang='lat' dir='ltr'><strong>India</strong></span> <span class='ocrx_word' id='word_1_146' title='bbox 800 2728 964 2793; x_wconf 86' lang='lat' dir='ltr'><strong>Orientali</strong></span> <span class='ocrx_word' id='word_1_147' title='bbox 975 2727 1218 2792; x_wconf 89' lang='lat' dir='ltr'><strong>Nederlandica</strong></span> <span class='ocrx_word' id='word_1_148' title='bbox 1228 2726 1306 2790; x_wconf 90' lang='lat' dir='ltr'><strong>licet</strong></span> <span class='ocrx_word' id='word_1_149' title='bbox 1318 2723 1469 2788; x_wconf 87' lang='lat' dir='ltr'><strong>adhiberi</strong></span> 
     </span>
     <span class='ocr_line' id='line_1_22' title="bbox 339 2830 1471 2920; baseline -0.004 -21"><span class='ocrx_word' id='word_1_150' title='bbox 339 2835 494 2900; x_wconf 87' lang='lat' dir='ltr'><strong>corticem</strong></span> <span class='ocrx_word' id='word_1_151' title='bbox 515 2834 563 2899; x_wconf 92' lang='lat' dir='ltr'><strong>ibi</strong></span> <span class='ocrx_word' id='word_1_152' title='bbox 582 2835 755 2900; x_wconf 89' lang='lat' dir='ltr'><strong>collectum</strong></span> <span class='ocrx_word' id='word_1_153' title='bbox 774 2835 885 2918; x_wconf 82' lang='lat' dir='ltr'><strong>(lwelit</strong></span> <span class='ocrx_word' id='word_1_154' title='bbox 906 2834 1050 2918; x_wconf 80' lang='lat' dir='ltr'><strong>delimo),</strong></span> <span class='ocrx_word' id='word_1_155' title='bbox 1071 2835 1128 2920; x_wconf 91' lang='lat' dir='ltr'><strong>qui</strong></span> <span class='ocrx_word' id='word_1_156' title='bbox 1147 2835 1340 2919; x_wconf 88' lang='lat' dir='ltr'><strong>plerumque</strong></span> <span class='ocrx_word' id='word_1_157' title='bbox 1352 2830 1471 2895; x_wconf 84' lang='lat' dir='ltr'><strong>frustis</strong></span> 
     </span>
     <span class='ocr_line' id='line_1_23' title="bbox 341 2937 1470 3027; baseline -0.005 -22"><span class='ocrx_word' id='word_1_158' title='bbox 341 2946 374 3006; x_wconf 89' lang='lat' dir='ltr'><strong>et</strong></span> <span class='ocrx_word' id='word_1_159' title='bbox 395 2963 512 3008; x_wconf 73' lang='lat' dir='ltr'><strong>rasin-a</strong></span> <span class='ocrx_word' id='word_1_160' title='bbox 534 2947 677 3007; x_wconf 85' lang='lat' dir='ltr'><strong>constat.</strong></span> <span class='ocrx_word' id='word_1_161' title='bbox 712 2940 765 3005; x_wconf 90' lang='lat' dir='ltr'><strong>Ne</strong></span> <span class='ocrx_word' id='word_1_162' title='bbox 783 2946 896 3007; x_wconf 87' lang='lat' dir='ltr'><strong>tamen</strong></span> <span class='ocrx_word' id='word_1_163' title='bbox 914 2941 1113 3027; x_wconf 85' lang='lat' dir='ltr'><strong>neglegatur</strong></span> <span class='ocrx_word' id='word_1_164' title='bbox 1129 2941 1165 3004; x_wconf 91' lang='lat' dir='ltr'><strong>in</strong></span> <span class='ocrx_word' id='word_1_165' title='bbox 1185 2937 1318 3004; x_wconf 85' lang='lat' dir='ltr'><strong>Cortice</strong></span> <span class='ocrx_word' id='word_1_166' title='bbox 1330 2937 1470 3002; x_wconf 87' lang='lat' dir='ltr'><strong>Granati</strong></span> 
     </span>
     <span class='ocr_line' id='line_1_24' title="bbox 340 3043 1470 3134; baseline -0.005 -22"><span class='ocrx_word' id='word_1_167' title='bbox 340 3047 464 3126; x_wconf 90' lang='lat' dir='ltr'><strong>Indico,</strong></span> <span class='ocrx_word' id='word_1_168' title='bbox 489 3049 685 3134; x_wconf 83' lang='lat' dir='ltr'><strong>praesertim</strong></span> <span class='ocrx_word' id='word_1_169' title='bbox 709 3049 807 3134; x_wconf 89' lang='lat' dir='ltr'><strong>quie</strong></span> <span class='ocrx_word' id='word_1_170' title='bbox 837 3049 997 3114; x_wconf 89' lang='lat' dir='ltr'><strong>Punica</strong></span> <span class='ocrx_word' id='word_1_171' title='bbox 1026 3049 1264 3114; x_wconf 85' lang='lat' dir='ltr'><strong>Cranetum</strong></span> <span class='ocrx_word' id='word_1_172' title='bbox 1295 3044 1339 3107; x_wconf 82' lang='lat' dir='ltr'><strong>fl.</strong></span> <span class='ocrx_word' id='word_1_173' title='bbox 1370 3043 1470 3107; x_wconf 86' lang='lat' dir='ltr'><strong>albo</strong></span> 
     </span>
     <span class='ocr_line' id='line_1_25' title="bbox 340 3149 1468 3241; baseline -0.008 -21"><span class='ocrx_word' id='word_1_174' title='bbox 340 3163 477 3241; x_wconf 87' lang='lat' dir='ltr'><strong>paratus</strong></span> <span class='ocrx_word' id='word_1_175' title='bbox 496 3162 556 3233; x_wconf 88' lang='lat' dir='ltr'><strong>est,</strong></span> <span class='ocrx_word' id='word_1_176' title='bbox 573 3157 680 3221; x_wconf 91' lang='lat' dir='ltr'><strong>multo</strong></span> <span class='ocrx_word' id='word_1_177' title='bbox 692 3157 767 3241; x_wconf 91' lang='lat' dir='ltr'><strong>plus</strong></span> <span class='ocrx_word' id='word_1_178' title='bbox 778 3154 1033 3220; x_wconf 86' lang='lat' dir='ltr'><strong>alcaloideorum</strong></span> <span class='ocrx_word' id='word_1_179' title='bbox 1045 3153 1191 3238; x_wconf 89' lang='lat' dir='ltr'><strong>partium</strong></span> <span class='ocrx_word' id='word_1_180' title='bbox 1202 3149 1468 3224; x_wconf 83' lang='lat' dir='ltr'><strong>centesimarum,</strong></span> 
     </span>
     <span class='ocr_line' id='line_1_26' title="bbox 342 3255 1470 3348; baseline -0.006 -23"><span class='ocrx_word' id='word_1_181' title='bbox 342 3261 533 3348; x_wconf 87' lang='lat' dir='ltr'><strong>plerumque</strong></span> <span class='ocrx_word' id='word_1_182' title='bbox 555 3262 626 3327; x_wconf 79' lang='lat' dir='ltr'><strong>fere</strong></span> <span class='ocrx_word' id='word_1_183' title='bbox 650 3265 679 3339; x_wconf 81' lang='lat'><strong>2,</strong></span> <span class='ocrx_word' id='word_1_184' title='bbox 702 3263 821 3327; x_wconf 88' lang='lat' dir='ltr'><strong>inesse.</strong></span> <span class='ocrx_word' id='word_1_185' title='bbox 844 3261 886 3325; x_wconf 91' lang='lat' dir='ltr'><strong>In</strong></span> <span class='ocrx_word' id='word_1_186' title='bbox 903 3260 1012 3345; x_wconf 85' lang='lat' dir='ltr'><strong>petria</strong></span> <span class='ocrx_word' id='word_1_187' title='bbox 1022 3263 1139 3324; x_wconf 85' lang='lat' dir='ltr'><strong>nostra</strong></span> <span class='ocrx_word' id='word_1_188' title='bbox 1149 3257 1306 3323; x_wconf 89' lang='lat' dir='ltr'><strong>corticem</strong></span> <span class='ocrx_word' id='word_1_189' title='bbox 1317 3255 1470 3320; x_wconf 90' lang='lat' dir='ltr'><strong>Indicum</strong></span> 
     </span>
     <span class='ocr_line' id='line_1_27' title="bbox 340 3361 1469 3454; baseline -0.009 -21"><span class='ocrx_word' id='word_1_190' title='bbox 340 3368 527 3454; x_wconf 86' lang='lat' dir='ltr'><strong>dispensari</strong></span> <span class='ocrx_word' id='word_1_191' title='bbox 546 3391 614 3434; x_wconf 90' lang='lat' dir='ltr'><strong>non</strong></span> <span class='ocrx_word' id='word_1_192' title='bbox 633 3369 746 3434; x_wconf 88' lang='lat' dir='ltr'><strong>licebit</strong></span> <span class='ocrx_word' id='word_1_193' title='bbox 764 3369 830 3432; x_wconf 90' lang='lat' dir='ltr'><strong>nisi</strong></span> <span class='ocrx_word' id='word_1_194' title='bbox 842 3366 1008 3452; x_wconf 86' lang='lat' dir='ltr'><strong>expressis</strong></span> <span class='ocrx_word' id='word_1_195' title='bbox 1020 3365 1132 3431; x_wconf 86' lang='lat' dir='ltr'><strong>verbis</strong></span> <span class='ocrx_word' id='word_1_196' title='bbox 1142 3363 1384 3449; x_wconf 82' lang='lat' dir='ltr'><strong>praescriptum</strong></span> <span class='ocrx_word' id='word_1_197' title='bbox 1396 3361 1469 3426; x_wconf 88' lang='lat' dir='ltr'><strong>erit.</strong></span> 
     </span>
    </p>
   </div>
   <div class='ocr_carea' id='block_1_3' title="bbox 518 3695 1304 3814">
    <p class='ocr_par' dir='ltr' id='par_1_5' title="bbox 518 3695 1304 3814">
     <span class='ocr_line' id='line_1_28' title="bbox 518 3695 1304 3814; baseline -0.011 -20"><span class='ocrx_word' id='word_1_198' title='bbox 518 3699 704 3795; x_wconf 73' lang='lat' dir='ltr'><strong>Cortex</strong></span> <span class='ocrx_word' id='word_1_199' title='bbox 744 3699 952 3792; x_wconf 81' lang='lat' dir='ltr'><strong>Rhamni</strong></span> <span class='ocrx_word' id='word_1_200' title='bbox 997 3695 1304 3814; x_wconf 68' lang='lat' dir='ltr'><strong>Franculae.</strong></span> 
     </span>
    </p>
   </div>
   <div class='ocr_carea' id='block_1_4' title="bbox 343 3862 1471 4061">
    <p class='ocr_par' dir='ltr' id='par_1_6' title="bbox 343 3862 1471 4061">
     <span class='ocr_line' id='line_1_29' title="bbox 388 3862 1471 3953; baseline -0.011 -18"><span class='ocrx_word' id='word_1_201' title='bbox 388 3865 514 3935; x_wconf 84' lang='lat' dir='ltr'><strong>Cortex</strong></span> <span class='ocrx_word' id='word_1_202' title='bbox 547 3868 702 3953; x_wconf 90' lang='lat' dir='ltr'><strong>stirpium</strong></span> <span class='ocrx_word' id='word_1_203' title='bbox 736 3873 770 3932; x_wconf 93' lang='lat' dir='ltr'><strong>et</strong></span> <span class='ocrx_word' id='word_1_204' title='bbox 792 3888 960 3932; x_wconf 86' lang='lat' dir='ltr'><strong>remorum</strong></span> <span class='ocrx_word' id='word_1_205' title='bbox 983 3886 1067 3950; x_wconf 87' lang='lat' dir='ltr'><strong>quae</strong></span> <span class='ocrx_word' id='word_1_206' title='bbox 1090 3863 1225 3949; x_wconf 89' lang='lat' dir='ltr'><strong>praebet</strong></span> <span class='ocrx_word' id='word_1_207' title='bbox 1255 3862 1471 3926; x_wconf 89' lang='lat' dir='ltr'><strong>Rhamnus</strong></span> 
     </span>
     <span class='ocr_line' id='line_1_30' title="bbox 343 3974 955 4061; baseline 0.002 -23"><span class='ocrx_word' id='word_1_208' title='bbox 343 3975 573 4061; x_wconf 82' lang='lat' dir='ltr'><strong>Frangula,</strong></span> <span class='ocrx_word' id='word_1_209' title='bbox 599 3975 699 4040; x_wconf 78' lang='lat' dir='ltr'><strong>Lruu.</strong></span> <span class='ocrx_word' id='word_1_210' title='bbox 725 3974 781 4060; x_wconf 90' lang='lat' dir='ltr'><strong>Sp.</strong></span> <span class='ocrx_word' id='word_1_211' title='bbox 807 3974 854 4038; x_wconf 90' lang='lat' dir='ltr'><strong>Pl.</strong></span> <span class='ocrx_word' id='word_1_212' title='bbox 881 3975 955 4039; x_wconf 88' lang='lat'><strong>193.</strong></span> 
     </span>
    </p>
   </div>
   <div class='ocr_carea' id='block_1_5' title="bbox 344 4108 1473 4306">
    <p class='ocr_par' dir='ltr' id='par_1_7' title="bbox 344 4108 1473 4306">
     <span class='ocr_line' id='line_1_31' title="bbox 387 4108 1471 4204; baseline -0.014 -19"><span class='ocrx_word' id='word_1_213' title='bbox 387 4120 473 4185; x_wconf 76' lang='lat' dir='ltr'><strong>&#39;lubi</strong></span> <span class='ocrx_word' id='word_1_214' title='bbox 500 4119 721 4204; x_wconf 84' lang='lat' dir='ltr'><strong>longitudinis</strong></span> <span class='ocrx_word' id='word_1_215' title='bbox 744 4118 904 4194; x_wconf 84' lang='lat' dir='ltr'><strong>diversae,</strong></span> <span class='ocrx_word' id='word_1_216' title='bbox 929 4115 987 4179; x_wconf 90' lang='lat' dir='ltr'><strong>lati</strong></span> <span class='ocrx_word' id='word_1_217' title='bbox 1011 4114 1207 4180; x_wconf 83' lang='lat' dir='ltr'><strong>centimetre</strong></span> <span class='ocrx_word' id='word_1_218' title='bbox 1229 4109 1271 4175; x_wconf 87' lang='lat' dir='ltr'><strong>ed</strong></span> <span class='ocrx_word' id='word_1_219' title='bbox 1297 4112 1326 4186; x_wconf 82' lang='lat'><strong>2,</strong></span> <span class='ocrx_word' id='word_1_220' title='bbox 1349 4108 1471 4172; x_wconf 87' lang='lat' dir='ltr'><strong>cortice</strong></span> 
     </span>
     <span class='ocr_line' id='line_1_32' title="bbox 344 4213 1473 4306; baseline -0.014 -17"><span class='ocrx_word' id='word_1_221' title='bbox 344 4227 533 4292; x_wconf 84' lang='lat' dir='ltr'><strong>millimetra</strong></span> <span class='ocrx_word' id='word_1_222' title='bbox 563 4225 605 4290; x_wconf 82' lang='lat' dir='ltr'><strong>ad</strong></span> <span class='ocrx_word' id='word_1_223' title='bbox 636 4229 655 4290; x_wconf 83' lang='lat'><strong>2</strong></span> <span class='ocrx_word' id='word_1_224' title='bbox 690 4246 818 4302; x_wconf 87' lang='lat' dir='ltr'><strong>crasso;</strong></span> <span class='ocrx_word' id='word_1_225' title='bbox 854 4222 1000 4306; x_wconf 80' lang='lat' dir='ltr'><strong>fragiles,</strong></span> <span class='ocrx_word' id='word_1_226' title='bbox 1036 4221 1079 4285; x_wconf 85' lang='lat' dir='ltr'><strong>ub</strong></span> <span class='ocrx_word' id='word_1_227' title='bbox 1101 4220 1205 4284; x_wconf 87' lang='lat' dir='ltr'><strong>altera</strong></span> <span class='ocrx_word' id='word_1_228' title='bbox 1234 4215 1287 4281; x_wconf 87' lang='lat' dir='ltr'><strong>vel</strong></span> <span class='ocrx_word' id='word_1_229' title='bbox 1317 4213 1360 4276; x_wconf 90' lang='lat' dir='ltr'><strong>ab</strong></span> <span class='ocrx_word' id='word_1_230' title='bbox 1382 4217 1473 4275; x_wconf 85' lang='lat' dir='ltr'><strong>utra-</strong></span> 
     </span>
    </p>
   </div>
   <div class='ocr_carea' id='block_1_6' title="bbox 0 0 1780 5026">
    <p class='ocr_par' dir='ltr' id='par_1_8' title="bbox 0 0 1780 5026">
     <span class='ocr_line' id='line_1_33' title="bbox 0 0 1780 5026; baseline 0 0"><span class='ocrx_word' id='word_1_231' title='bbox 0 0 1780 5026; x_wconf 95' lang='lat' dir='ltr'><strong> </strong></span> 
     </span>
    </p>
   </div>
  </div>
 </body>
</html>
