3544 5050
863 504 927 565 415

370 697 511 762 Sulfatis
534 696 655 761 terrosi
679 696 837 761 exsiccati
856 696 1126 781 milligrammata
1139 697 1181 759 80
1194 694 1229 757 in
1241 715 1346 779 aquae
1357 695 1459 759 centi-

323 805 438 869 metris
462 804 587 870 cubicis
613 803 653 868 75
678 808 712 867 et
733 802 820 868 acidi
844 801 997 867 sulhrrici
1019 801 1118 867 diluti
1141 802 1346 867 centimetris
1370 800 1460 866 cubi-

322 911 370 977 cis
407 913 448 974 10
482 911 601 988 soluta,
626 915 663 975 ut
696 911 884 986 rubescant,
920 907 1191 994 permanganatis
1221 908 1323 974 kalici
1357 907 1460 974 centi-

323 1017 481 1082 normalis
504 1017 700 1082 centimetra
721 1016 836 1082 cubica
859 1037 927 1080 non
949 1015 1060 1080 minus
1071 1038 1170 1101 quam
1183 1019 1259 1096 41,0
1277 1016 1459 1102 requirant.

369 1123 525 1190 Ceterum
548 1124 661 1188 Sulias
684 1123 833 1188 ferrosus
856 1123 1041 1188 exsiccatus
1059 1123 1166 1188 isdem
1177 1124 1334 1209 puritatis
1346 1137 1461 1210 postu·

323 1231 401 1297 latis
424 1229 621 1309 satisfaciat,
645 1230 766 1316 quibus
791 1229 905 1295 Sulfas
930 1230 1090 1297 ferrosus.

372 1355 449 1419 Per
483 1356 644 1420 calcem
679 1355 821 1420 vivam
857 1355 1112 1420 servandus.

789 1583 992 1592 ——-——-.——.

514 1772 692 1869 Suttas
728 1774 1266 1868 taliae-aluminum.

809 1933 974 2002 numen.

705 2075 1076 2164 mansurarum.

367 2217 536 2304 Crystalla
569 2219 690 2284 coloris
725 2220 883 2306 expertia,
917 2220 1096 2306 perlucida,
1126 2219 1302 2304 regularia,
1328 2220 1457 2305 saporis

323 2324 573 2411 adstringentis.
597 2325 711 2390 Sulfas
735 2326 1058 2392 kalico-aluminicus
1080 2327 1116 2390 in
1135 2348 1239 2412 aquae
1251 2325 1403 2412 pentibus
1418 2328 1459 2389 10

323 2431 475 2509 solvitur,
498 2432 534 2496 in
557 2432 679 2519 spiritu
701 2453 769 2497 non
792 2433 944 2498 solvitur.

368 2537 480 2603 Sulfas
503 2537 826 2604 kalico-aluminicus
849 2539 884 2603 in
900 2561 985 2625 aqua
997 2542 1030 2623 (l
1046 2565 1079 2599 =
1095 2541 1152 2623 20)
1165 2538 1296 2605 solutus
1307 2539 1456 2604 chartam

322 2644 577 2730 exploratoriam
612 2645 795 2710 caemleam
828 2645 939 2710 reddit
972 2647 1125 2722 rubram;
1154 2646 1269 2710 addita
1292 2645 1457 2710 solutione

323 2750 475 2836 hydratis
498 2751 626 2829 natrici,
651 2751 907 2838 praecipitatum
930 2752 1077 2838 deponit,
1102 2752 1192 2839 quod
1203 2753 1325 2817 iterum
1342 2751 1457 2816 addito

320 2861 487 2942 magenta
520 2879 582 2942 gaz
613 2858 799 2924 ammoniae
830 2881 898 2924 non
930 2859 1097 2936 emittens,
1119 2859 1270 2936 solvitur,
1295 2880 1313 2922 e
1335 2858 1457 2944 quibus

320 2963 448 3042 solutis,
483 2985 549 3029 una
584 2986 659 3030 cum
693 2966 842 3031 chloreto
876 2965 1064 3031 ammonieo
1091 2965 1270 3043 calefactis,
1295 2964 1455 3051 praecipi-

318 3074 426 3135 tatum
449 3071 670 3158 gelatinosum
694 3073 895 3152 secernitur3
919 3073 1170 3139 additonitrate
1187 3073 1455 3158 0010100ρο00-

320 3177 493 3262 cipitatum
516 3177 628 3242 album
651 3179 798 3264 deponit,
822 3179 912 3264 quod
935 3179 970 3243 in
994 3178 1090 3244 acido
1112 3178 1234 3243 nitrieo
1256 3178 1364 3243 diluto
1387 3200 1455 3243 non

321 3283 472 3348 solvitur.

366 3388 480 3454 Sulias
503 3390 827 3458 kalico-aluminicus
850 3393 885 3457 in
908 3415 993 3478 equa
1006 3396 1040 3477 (1
1056 3419 1089 3452 =
1105 3395 1161 3475 20)
1174 3393 1313 3471 solutus,
1339 3391 1454 3458 addito

319 3495 414 3560 acido
437 3496 718 3582 hydrosulfurico,
744 3499 887 3584 speciem
907 3521 948 3563 ne
967 3505 1074 3564 mutet
1091 3522 1184 3578 neve,
1209 3499 1324 3564 addito
1347 3499 1452 3563 ferro-

320 3608 462 3687 cyaneto
473 3603 593 3683 kah'ca
603 3606 772 3670 caeruleus
784 3606 842 3670 fiat
855 3606 943 3670 intra
955 3608 1056 3671 horae
1065 3612 1193 3691 partem
1201 3606 1452 3693 sexagesimam.

365 3709 488 3776 Sulfati
523 3711 824 3778 kalicoaluminico
863 3712 899 3776 in
933 3734 1018 3798 equa
1058 3712 1168 3777 soluto
1203 3713 1233 3777 si
1266 3713 1452 3777 ammoniae

319 3817 488 3900 quantitas
522 3818 685 3883 excedens
718 3818 832 3884 addita
859 3827 893 3884 et
915 3820 1025 3905 liquor
1047 3818 1237 3897 calefactus,
1262 3819 1381 3883 deinde
1404 3818 1454 3881 fil-

319 3926 429 3986 tratue
452 3925 524 4001 erit,
549 3947 598 4000 ea,
622 3944 706 4009 quae
729 3925 863 3990 filtratis
882 3927 1072 4011 evaporatis
1095 3931 1129 3991 et
1141 3925 1344 3991 candefactis
1357 3945 1452 4009 supc-

320 4033 445 4106 rerunt‚
465 4028 674 4095 satisfaciant
696 4030 801 4094 isdem
830 4031 1018 4116 postulatis,
1042 4031 1163 4117 quibus
1187 4029 1300 4096 Sulfas
1312 4030 1451 4094 kalicus.

782 4259 986 4275 *-
