3544 5050
848 519 914 581 430

506 711 556 809 ÷
589 715 844 809 Tartarus
878 713 1173 809 teramus.

358 893 458 958 Solve
481 893 611 958 modico
634 892 743 958 calore

410 1006 572 1058 Blhoratis
591 1006 710 1058 notrici
731 1007 867 1076 partes
887 998 984 1057 duas
999 1043 1362 1060 ..........
1429 1004 1446 1060 2

312 1105 345 1164 et

410 1210 571 1263 Tartratls
604 1211 706 1262 kaltei
736 1210 820 1262 acidi
840 1205 880 1262 in
901 1205 1101 1282 pulverem
1122 1203 1268 1262 redacti
1288 1225 1366 1282 par·

450 1311 509 1361 tes
530 1305 702 1380 quinque
709 1347 1319 1362 ................
1427 1303 1445 1360 5

311 1424 346 1465 1n

408 1517 519 1578 Aquae
543 1509 727 1585 partibus
748 1507 971 1585 quindecim
992 1551 1358 1566 ..........
1407 1506 1444 1563 15

354 1625 532 1709 liquorem
564 1625 691 1689 clarum
724 1646 869 1710 evapora
891 1623 971 1687 dum
992 1621 1172 1700 residuum,
1196 1621 1441 1707 refrigeratum,

308 1731 429 1816 fragile
441 1730 570 1796 factum
581 1732 636 1797 ait.
660 1730 815 1808 Contere,
829 1730 1007 1794 nonnullas
1019 1729 1120 1792 horas
1131 1728 1252 1793 caloris
1263 1729 1371 1814 gradu
1383 1731 1441 1794 50⁰

307 1836 448 1915 calface;
472 1843 650 1922 antequam
673 1837 852 1914 refrixerit,
883 1838 919 1900 in
941 1837 1095 1920 lagenam
1117 1835 1201 1900 bene
1224 1835 1440 1900 claudendam

307 1945 449 2009 inmitte.

353 2050 466 2115 Pulvis
489 2049 593 2126 albus,
626 2049 742 2128 siccus,
767 2049 1038 2135 hygroacopicue,
1063 2049 1191 2134 saporis
1214 2048 1309 2126 acidi,
1334 2049 1439 2134 quiin

306 2178 411 2242 aquae
433 2161 529 2243 parte
553 2160 570 2220 l
596 2157 747 2222 solvitur.
773 2155 964 2222 Calefactus
987 2156 1203 2221 vehementer
1233 2156 1435 2234 intumescit,

305 2264 511 2329 comburitur
530 2285 690 2349 spargens
709 2263 844 2327 odorem
856 2262 948 2327 velut
959 2263 1108 2328 sacchari
1119 2263 1219 2340 tosti3
1244 2263 1437 2330 combustus

305 2371 448 2435 cinerem
470 2370 629 2454 relinquit
652 2370 795 2435 carbone
819 2369 970 2447 mixtum,
994 2369 1051 2455 qui
1075 2369 1225 2434 chartam
1248 2369 1435 2455 explorato·

303 2477 388 2540 riam
418 2477 563 2553 mbram,
587 2475 811 2542 madefactam
829 2477 1014 2542 caeruleam
1035 2474 1156 2553 reddit,
1179 2481 1222 2554 et,
1235 2475 1436 2561 peracidum

304 2583 594 2668 hydrochloricum
617 2582 733 2648 acidus
743 2582 863 2660 factus,
884 2584 1034 2648 chartam
1046 2603 1220 2646 curcumae
1232 2588 1437 2648 arescentem

304 2689 414 2754 colore
448 2711 467 2753 e
500 2691 603 2756 rubro
637 2690 732 2756 fusco
755 2689 876 2755 inficit.
911 2689 1045 2754 Tartari
1067 2689 1221 2754 boraxati
1243 2695 1433 2774 grammal

302 2797 339 2860 in
361 2819 466 2882 aquae
491 2797 696 2862 centimetrie
719 2797 844 2863 cubicis
868 2801 887 2862 5
911 2797 1066 2873 solutum,
1091 2801 1349 2882 conquassatum
1360 2818 1434 2861 cum

300 2904 387 2968 acidi
420 2903 569 2968 tartarici
603 2910 786 2989 grammata
811 2908 828 2968 l
853 2905 889 2968 in
910 2925 1015 2990 aquae
1038 2902 1243 2967 centimetris
1266 2903 1390 2968 cubicis
1414 2906 1434 2966 3

300 3010 420 3088 soluto,
444 3011 699 3096 praecipitatum
721 3011 842 3088 album,
867 3011 1099 3096 crystallinum
1122 3010 1269 3096 deponit.

343 3117 504 3182 Tartarus
527 3118 708 3182 boraxatus
730 3118 767 3181 in
788 3139 874 3203 aqua
896 3119 1051 3201 (1:10)
1074 3116 1204 3181 solutus
1222 3137 1307 3180 nevo
1318 3114 1433 3180 addito

300 3222 532 3310 sulfobydrate
565 3224 751 3288 ammonico
785 3245 868 3288 neve
903 3225 1035 3288 oxalate
1069 3223 1255 3288 ammonico
1290 3223 1432 3308 speciem

299 3335 426 3408 mutct;
462 3331 587 3395 mixtus
610 3352 715 3416 aquae
738 3331 812 3416 pari
834 3331 1001 3395 volumine
1024 3335 1057 3394 et
1081 3329 1168 3394 acidi
1190 3329 1304 3394 nitrici
1326 3330 1432 3414 guttis

298 3437 476 3514 nonnullis,
511 3437 699 3515 calefactus,
735 3437 849 3502 addito
883 3437 1008 3501 nitrate
1042 3435 1194 3522 bnrytico
1224 3436 1274 3500 vel
1309 3431 1431 3501 nitrate

297 3544 477 3630 argentico,
512 3544 621 3610 clarus
655 3546 700 3610 eit
734 3567 792 3629 per
822 3545 923 3608 horae
956 3549 1086 3630 partem
1108 3564 1176 3607 non
1200 3543 1310 3608 minus
1331 3564 1430 3629 quam

296 3650 536 3717 duodecimam.

341 3759 379 3824 Si
409 3759 569 3823 Tartarus
610 3760 791 3825 boraxatus
834 3758 964 3822 solutus
999 3757 1224 3844 praescriptus
1259 3756 1332 3832 erit,
1367 3776 1428 3840 pro

297 3866 429 3931 Tartari
463 3866 619 3931 boraxati
641 3865 792 3952 partibus
818 3867 858 3928 10
882 3865 1052 3930 Biboratie
1074 3863 1196 3928 notrici
1218 3867 1330 3949 partes
1352 3865 1428 3939 435

294 3977 328 4036 et
351 3972 515 4038 Tartratia
538 3971 640 4036 kalici
661 3971 749 4036 acidi
771 3977 884 4056 partes
908 3974 983 4049 8,35
1006 3970 1194 4058 dispensari
1216 3969 1338 4034 licebit.

342 4096 419 4160 Per
450 4096 608 4160 calcem
640 4096 782 4160 vivam
812 4095 1067 4160 servandus.

760 4295 961 4306 ————-—n
