3544 5050
852 485 917 547 408

362 679 540 745 Succinum
575 680 603 743 ei
637 681 672 742 in
707 679 789 744 tubo
812 679 920 742 vitreo
943 678 1061 756 calefit,
1086 700 1226 763 vapores
1250 679 1450 744 emitbuntur

315 788 475 863 chariam,
500 791 629 852 aceiate
652 785 819 870 plumbieo
843 785 1074 863 madefactam,
1100 785 1448 850 coloreobeeuroinfi·

313 893 449 957 cientes.
495 893 675 958 Succinum
708 892 907 957 calefactum
940 891 1076 956 odorem
1106 892 1278 978 proprium
1300 893 1446 978 spargii3

313 1000 411 1065 valde
445 1000 666 1065 fervefactum
699 999 833 1064 flamma
865 998 1048 1083 fuliginosa
1071 999 1266 1084 conflagrat.
1314 999 1448 1066 Pondus

315 1107 504 1192 epeoifieum
531 1109 582 1183 1‚0
594 1107 636 1170 ad
651 1110 713 1184 l,l.

360 1213 507 1299 Spiritus
535 1214 731 1280 centimeira
765 1213 882 1279 eubioa
917 1215 958 1276 20
993 1213 1022 1277 ei
1045 1233 1119 1278 oum
1142 1213 1289 1298 pulveris
1312 1213 1446 1280 Succini

312 1325 498 1406 grammaie
537 1325 552 1384 1
578 1326 738 1386 concocta
761 1325 795 1385 et
818 1320 945 1386 filiraia
968 1322 1076 1398 erunt,
1110 1320 1248 1405 epiribue
1273 1321 1446 1405 evaporaii

312 1425 488 1492 residuum
495 1427 607 1492 odoris
620 1427 793 1492 aromatici
805 1431 985 1505 remaneab,
999 1426 1098 1512 quod,
1111 1427 1231 1492 caloris
1243 1426 1352 1512 gradu
1366 1427 1446 1492 100⁰

313 1535 482 1610 siccatum,
515 1534 821 1620 milligremmatum
849 1555 917 1598 non
941 1534 1051 1598 minus
1062 1555 1162 1619 quam
1177 1536 1240 1598 100
1251 1555 1359 1619 neque
1371 1534 1446 1618 plus

314 1662 413 1725 quam
438 1643 502 1705 250
526 1641 581 1706 sii.

357 1747 536 1813 Succinum
570 1749 781 1814 combustum
803 1747 924 1812 cineris
947 1769 989 1810 ne
1012 1747 1086 1831 plue
1109 1767 1209 1832 quam
1232 1752 1345 1831 paries
1370 1769 1444 1813 oen·

313 1854 449 1919 tesimae
472 1857 526 1932 0,3
549 1855 724 1940 relinquab.

438 2192 489 2288 ÷
521 2192 721 2289 Suoeus
755 2192 881 2288 citri
915 2193 1241 2288 artificialis.

357 2372 457 2436 Solve

315 2553 321 2566 ἱ
410 2472 931 2550 Aelmoitrleipartesdecem
951 2523 1360 2540 ...........
1409 2481 1446 2538 10

312 2575 347 2616 m
410 2642 952 2718 Aquaepartibueootoginta
992 2692 1359 2708 ..........
1406 2649 1445 2706 80

357 2739 420 2803 His
444 2738 529 2803 adde
1308 2735 1312 2744 ⁵

408 2853 549 2916 Spiritus
565 2853 646 2902 Gitri
667 2854 801 2923 partes
823 2848 950 2908 decem
990 2896 1359 2913 ..........
1409 2855 1445 2912 10

355 2961 513 3026 Sueeus
539 2960 653 3027 citri
676 2962 943 3030 artificialis
967 2989 1013 3031 ex
1036 2971 1230 3052 iempore
1253 2974 1440 3053 paretur.

775 3197 978 3206 ..μ’-...ι-

590 3342 790 3441 Sueous
843 3347 1165 3468 iiquiritiae.

352 3521 548 3585 Exiraotum
572 3542 647 3585 eum
670 3544 756 3608 aqua
780 3524 962 3609 coquendo,
987 3527 1213 3612 exprimendo,
1229 3529 1441 3614 evaporando

306 3633 460 3712 paratum
484 3649 501 3691 e
526 3627 685 3693 Radioe
720 3629 980 3714 Liquiritiee
1013 3634 1150 3698 recenti.

354 3769 478 3833 Baeiila
512 3770 653 3855 signata,
689 3771 880 3858 cylindrioa,
910 3774 1007 3853 levia,
1031 3775 1137 3862 nigra,
1162 3777 1340 3856 subnitida,
1365 3798 1440 3842 eum

308 3875 395 3940 sicca
436 3882 523 3954 eunt,
560 3877 644 3942 dura
674 3886 708 3943 et
732 3879 874 3966 fragilia,
904 3903 988 3966 quae
1012 3881 1172 3948 calefacta
1195 3884 1320 3948 flexilia
1343 3885 1438 3950 fiunt.

308 3982 468 4048 Fraoiura
492 3985 775 4070 magnioonehaia
800 3988 949 4074 margine
972 3995 1079 4068 acuto,
1100 3990 1206 4076 nigra,
1226 3989 1437 4069 niiidieeima

308 4089 394 4154 aeris
432 4091 566 4157 bullulie
601 4094 770 4180 dispersis.
807 4096 900 4160 Odor
934 4097 1098 4182 proprius,
1135 4097 1292 4184 exiguus3
1339 4118 1440 4182 sapor

308 4195 529 4264 dulcissimus.
