3544 5050
842 541 907 604 373

308 754 440 819 quoque
471 734 562 799 loeus
592 735 791 821 mieropyles
822 735 858 798 in
888 735 996 800 media
1019 740 1115 820 parte
1138 754 1284 800 ooneava
1306 735 1442 800 seminis

308 841 552 926 quodammodo
574 842 752 908 indicatur.
777 843 925 908 Nneleus
944 843 1123 907 albuminis
1139 863 1268 927 expers.
1295 841 1443 926 Embryo

308 952 418 1012 totum
453 969 566 1013 semen
599 950 753 1034 complet.
789 949 950 1014 Radioula
984 954 1019 1014 et
1044 948 1272 1013 internodium
1297 949 1444 1034 hypoco-

308 1055 417 1138 tylum
447 1076 560 1140 parva,
592 1056 785 1141 cylindriea.
819 1054 1046 1141 Cotyledones
1074 1077 1284 1141 permagnae,
1305 1054 1441 1132 solidae,

307 1161 483 1240 coriaeeae,
519 1163 825 1249 brevioylindrioae,
857 1162 1126 1230 extremitatibus
1156 1162 1266 1247 planis
1295 1161 1385 1226 inter
1407 1183 1443 1226 se

306 1269 512 1347 coniunctae,
536 1270 580 1335 ad
603 1275 732 1356 partem
756 1271 955 1336 exteriorem
974 1271 1134 1356 globosae
1154 1273 1329 1347 exeuntem
1350 1272 1442 1354 coty-

306 1374 462 1441 ledonum
485 1377 676 1462 superficies
699 1378 832 1464 punctis
856 1377 969 1463 parvis
988 1374 1296 1452 innumerabilibus,
1318 1375 1443 1440 tenuis·

309 1482 411 1561 simis,
455 1485 554 1569 paulo
595 1484 853 1562 obscurioribus,
894 1505 969 1550 eum
1015 1483 1184 1570 glandulis
1225 1482 1442 1548 interioribus

309 1590 594 1670 convenientibus,
629 1597 776 1658 aeterum
806 1593 890 1657 satis
913 1593 1022 1677 plana,
1046 1591 1168 1657 elarius
1191 1591 1245 1654 vel
1268 1589 1442 1655 obscurius

309 1696 439 1776 silseea,
465 1699 550 1764 sieut
572 1721 649 1785 pars
672 1700 823 1765 interior.
848 1699 1001 1764 Plumnla
1024 1699 1137 1784 parvis
1160 1698 1250 1762 foliis
1275 1701 1306 1762 2.

355 1805 448 1870 Odor
469 1807 598 1886 nullus;
623 1829 723 1893 sapor
747 1807 843 1872 valde
865 1807 1089 1893 adstringens,
1114 1804 1389 1871 subaromatious.

289 1939 293 1946 .
355 1912 492 1978 Semina
511 1914 792 1999 spermodermide
811 1913 1067 1991 circumdentur,
1088 1912 1306 1999 cotyledones
1318 1933 1362 1976 ne
1374 1911 1443 1976 sint

309 2018 358 2084 ita
381 2021 524 2085 siccatae
547 2027 585 2087 nt
607 2020 805 2086 durissimae
824 2021 893 2086 sint
912 2041 996 2085 nave
1014 2020 1135 2085 eoloris
1154 2019 1296 2085 obsemi.
1321 2018 1442 2084 Samen

310 2125 450 2212 Syzygii
474 2149 515 2191 ne
538 2127 665 2192 diutius
689 2149 789 2213 quam
813 2149 916 2192 unum
938 2149 1064 2192 annum
1087 2131 1249 2194 servetur.

355 2233 619 2318 Spermodermis
642 2239 720 2299 ante
743 2256 841 2299 usum
862 2239 1084 2301 removeatur.

353 2339 396 2404 In
414 2340 512 2405 India
527 2341 692 2406 Orientali
707 2339 950 2406 Nederlandiea
975 2340 1168 2427 Eugenia
1190 2338 1442 2405 Iambolana

309 2446 399 2512 inter
420 2447 487 2511 alia
509 2447 700 2513 nominibus
724 2448 916 2533 djambdznq
939 2451 973 2512 et
995 2449 1131 2534 djoewet
1154 2453 1302 2512 vocatur.

777 2621 980 2632 *-

772 2749 971 2872 Strati.

352 2935 474 3022 Sirupi
499 2937 563 3002 nisi
586 2938 683 3002 aliter
706 2938 946 3024 praescriptum
970 2937 1044 3015 erit,
1064 2941 1224 3025 parentur
1236 2937 1440 3014 saccharum,

308 3042 417 3108 calore
452 3043 613 3122 adhibito,
649 3045 809 3110 solvendo
844 3045 879 3109 in
913 3045 1041 3130 liquore
1075 3045 1174 3122 claro,
1199 3049 1318 3129 parato
1341 3043 1442 3108 modo

308 3149 431 3234 sirnpis
473 3150 613 3234 singulis
654 3151 811 3229 indicato,
854 3151 965 3216 soluta
1002 3150 1175 3237 coquendo
1209 3150 1288 3215 dum
1323 3149 1443 3215 leniter

309 3255 480 3334 ebulliant,
503 3256 623 3322 deinde
646 3257 885 3342 despumando‚
910 3257 1053 3343 denique
1076 3257 1228 3322 aoland0.

355 3361 468 3448 Sirupi
492 3363 572 3427 olari
595 3364 673 3429 sint.

354 3468 503 3554 Sirupi
537 3469 798 3556 refrigerati
832 3472 874 3534 in
910 3471 1090 3557 lagenas
1121 3470 1261 3535 siccas
1291 3468 1440 3532 inlun-

310 3574 469 3640 dantur
500 3580 540 3640 et
570 3577 665 3641 loeo
696 3576 864 3663 frigido
895 3582 1139 3642 serventur.

593 3878 831 4000 Sirenas
863 3880 1147 3974 Althaeae.

355 4057 486 4123 Maoera
509 4077 568 4143 per
589 4058 733 4123 horest

408 4169 538 4222 Radlols
563 4169 720 4223 Althaeae
739 4166 779 4223 in
800 4163 931 4223 diacos
952 4171 1091 4224 tenues
1113 4163 1294 4222 concisae
1314 4167 1348 4219 al

449 4263 545 4320 bene
566 4261 730 4320 ablutae
752 4271 887 4341 partes
908 4270 990 4323 tres
1018 4301 1346 4323 .........
1425 4257 1442 4313 3
