3466 5038
865 506 907 568 30

314 697 422 781 gradu
445 697 503 762 60⁰
525 719 584 783 per
607 700 708 763 horae
732 704 860 783 partem
884 698 1113 763 duodecimam
1136 697 1316 776 calefactis,
1339 699 1450 784 liquor

317 801 405 865 infra
427 803 557 887 positus
580 827 622 868 ne
645 805 823 870 coloretur.

362 909 455 987 Quas
493 911 534 974 de
568 911 724 977 Aetheria
759 912 903 977 Petrolei
938 913 1143 978 centimetris
1177 912 1301 978 cubicis
1339 916 1379 978 10
1413 913 1449 976 in

315 1014 435 1079 balneo
458 1037 564 1100 aquae
587 1018 777 1102 evaporatio
800 1023 1009 1104 supererunt,
1034 1019 1211 1104 ponderari
1233 1025 1409 1106 nequeant.

495 1286 546 1385 ÷
577 1291 824 1387 albumen
859 1293 943 1389 0νὶ
977 1294 1191 1388 siccum.

364 1433 529 1498 Albumen
551 1433 751 1518 gallinarum
775 1457 913 1500 ovorum
936 1435 1130 1517 recentium,
1145 1457 1213 1500 non
1224 1437 1446 1521 coagulatum,

320 1541 489 1605 siccatum.

365 1683 524 1748 Frustula
558 1684 754 1762 subflavida‚
791 1685 968 1768 perlucida,
1004 1685 1117 1749 odoris
1151 1690 1186 1749 et
1220 1685 1348 1768 saporis
1378 1685 1447 1749 fere

320 1791 479 1874 expertia,
517 1791 652 1877 fragilia
686 1793 739 1856 vel
762 1792 1006 1876 quodammodo
1030 1813 1159 1856 cornea.
1195 1791 1359 1856 Albumen
1382 1791 1446 1855 Ovi

320 1898 453 1976 siccum,
478 1898 593 1964 addita
616 1920 711 1984 aqua,
737 1900 939 1964 solutionem
961 1899 1097 1984 paulum
1120 1897 1446 1982 turbidampraebet,

319 2004 354 2067 in
378 2005 498 2089 spiritu
522 2007 612 2070 etin
635 2006 769 2070 aethere
792 2006 862 2070 fere
885 2028 953 2070 non
976 2006 1129 2071 solvitur.

363 2110 529 2176 Albumen
553 2112 618 2177 Ovi
641 2113 764 2178 siccum
786 2114 822 2177 in
837 2135 943 2198 aquae
958 2113 1146 2198 quantitate
1157 2111 1348 2197 decemplici
1360 2111 1448 2175 solu-

321 2221 392 2282 tum
414 2217 534 2284 deinde
557 2219 719 2284 filtratum
743 2221 787 2285 sit
807 2221 917 2305 liquor
939 2221 1057 2297 clarus,
1082 2219 1298 2295 subflavidus‚
1311 2217 1446 2303 paulum

320 2344 483 2403 mucosus,
493 2327 650 2411 ponderis
658 2327 801 2411 specifici
812 2330 919 2406 1‚020.
936 2327 1028 2406 Quae
1037 2326 1158 2403 soluta,
1168 2347 1272 2410 aquas
1280 2324 1447 2389 volumine

319 2431 521 2517 quincuplici
544 2433 652 2499 diluta
675 2440 709 2499 et
732 2439 834 2512 cocta,
859 2435 894 2498 in
917 2434 1044 2519 pultem
1057 2431 1446 2519 spissamcoagulantur;

320 2539 431 2624 liquor
460 2539 508 2605 ita
537 2541 665 2605 dilutus
688 2541 716 2605 si
739 2546 818 2606 ante
841 2541 927 2606 acidi
949 2541 1065 2605 acetici
1089 2539 1266 2616 volumino,
1291 2537 1380 2623 quod
1403 2538 1447 2602 sit

320 2647 438 2730 quinta
461 2668 537 2731 pure
560 2647 621 2724 sui,
646 2648 771 2712 mixtus
795 2649 868 2725 erit,
893 2648 1003 2712 clarus
1026 2648 1070 2712 sit
1091 2647 1171 2711 dum
1194 2645 1357 2730 coquitur.

364 2752 553 2818 Albuminis
576 2754 641 2818 Ovi
654 2755 731 2820 sicci
743 2756 778 2818 in
790 2777 876 2840 equa
888 2757 922 2837 (l
935 2781 968 2815 =
982 2757 1061 2838 100)
1072 2754 1173 2819 soluti
1185 2753 1382 2818 centimetra
1392 2773 1448 2817 cu-

320 2859 394 2924 bica
415 2862 455 2923 10
476 2860 504 2924 si
523 2881 597 2925 cum
609 2862 724 2926 mixtis
736 2861 913 2926 solutionis
926 2861 1060 2946 phenoli
1071 2865 1105 2944 (1
1124 2887 1158 2921 =
1176 2863 1233 2944 20)
1244 2859 1448 2926 centimetris

320 2966 444 3031 cubicis
479 2971 498 3031 5
534 2972 568 3030 et
601 2967 687 3032 acidi
720 2968 832 3032 nitrici
862 2967 962 3032 diluti
988 2968 1183 3032 centimetro
1206 2967 1322 3032 cubico
1347 2971 1364 3030 l
1388 2987 1448 3051 per

319 3072 421 3137 horae
441 3077 569 3157 partem
587 3075 815 3139 duodecimum
835 3074 970 3139 fortiter
980 3079 1201 3160 conquassata
1212 3079 1312 3160 atque
1322 3073 1448 3138 filtrata

320 3184 428 3257 erunt,
451 3180 571 3244 deinde
594 3181 731 3266 spiritus
755 3181 825 3246 fere
845 3182 916 3267 pari
936 3182 1104 3246 volumine
1121 3181 1322 3246 filtratorum
1345 3181 1446 3246 centi-

320 3289 435 3353 metris
458 3287 625 3354 cubicis5
657 3289 839 3373 prudenter
869 3289 1036 3373 imposito,
1073 3291 1216 3352 stratum
1250 3289 1378 3353 confine
1403 3311 1445 3352 ne

319 3395 473 3459 turbetur
494 3397 655 3479 mummi).
681 3395 829 3475 Quorum
849 3395 1050 3461 filtratorum
1060 3395 1275 3459 centrimetra
1286 3395 1401 3460 cubica
1415 3399 1444 3472 5,

318 3502 434 3566 addita
452 3502 629 3567 solutionis
646 3502 727 3567 iodii
746 3509 844 3588 gutta
862 3508 890 3580 l,
911 3504 1020 3568 colore
1042 3502 1140 3579 flavo,
1165 3523 1233 3566 nou
1256 3501 1446 3567 flavorubro

319 3630 380 3674 nec
402 3608 609 3687 fuscorubro,
631 3609 823 3674 inficiantur
843 3611 1069 3694 (destrictum).

363 3715 529 3781 Albumen
563 3716 628 3781 Ovi
662 3716 785 3782 siccum
831 3717 1011 3802 nitrogenii
1056 3739 1098 3781 ne
1134 3717 1305 3782 contineat
1336 3714 1446 3779 minus

320 3845 418 3908 quam
452 3828 564 3908 partes
588 3823 785 3888 centesimas
819 3829 856 3887 ll
882 3846 966 3888 neve
989 3825 1108 3890 caloris
1131 3824 1238 3909 gradu
1263 3821 1343 3886 105ο
1365 3842 1446 3905 pon-

320 3931 409 3994 deris
432 3929 507 4014 plus
530 3951 629 4015 quam
649 3934 761 4015 partes
780 3931 979 3995 centesimas
999 3933 1041 3995 20
1064 3931 1198 3995 amittat
1218 3929 1446 3994 nevecombu-

319 4041 409 4101 stum
432 4036 551 4101 cineris
575 4037 648 4121 plus
672 4059 772 4121 quam
795 4041 906 4122 partes
930 4037 1127 4102 centesimas
1151 4039 1171 4101 6
1195 4037 1370 4122 relinquat,
1389 4036 1446 4121 qui

320 4143 403 4208 cinis
426 4144 560 4208 metalla
582 4143 735 4228 graviore
758 4167 799 4209 ne
821 4144 1002 4209 contineat.
