3544 5050
869 523 935 584 384

421 719 622 817 Salutio
655 719 890 812 iteratis
925 718 1165 837 atuatici
1201 718 1380 812 basiet.

701 915 851 982 Aeetam
873 913 1100 996 Lithargyri.

382 1077 483 1141 Misce

434 1189 538 1251 oxydi
565 1188 721 1253 plumbiet
747 1187 927 1239 semivitrei
948 1183 987 1239 in
1008 1183 1207 1259 pulverem
1229 1178 1310 1262 (Bw)
1330 1202 1379 1239 re

475 1280 585 1339 daeti
613 1287 748 1358 partes
769 1279 897 1338 deeem
925 1325 1373 1342 ............
1433 1281 1468 1338 10

370 1371 372 1376 ’
436 1386 580 1437 Aeetatis
607 1385 763 1449 plumbiai
790 1378 975 1456 partibus
1003 1379 1178 1454 triginta
1206 1424 1372 1438 .....
1430 1378 1468 1435 30

338 1488 372 1543 et

437 1593 546 1654 Aquae
573 1583 759 1661 partibus
780 1584 953 1659 quinque
964 1627 1373 1643 ...........
1452 1585 1469 1641 5

382 1701 489 1766 Mixta
523 1699 718 1786 frequenter
750 1721 976 1785 conquassans
1007 1699 1132 1764 caliace
1156 1699 1235 1764 dum
1258 1700 1349 1765 color
1372 1699 1467 1764 albus

338 1809 391 1872 vel
414 1806 656 1872 subrubeseens
679 1807 776 1872 albus
799 1805 911 1872 faetus
933 1807 988 1871 sit.

384 1933 470 1996 Tum
491 1932 577 1997 adde

438 2048 548 2108 Aquae
569 2047 704 2116 partes
726 2040 948 2114 nonaginta
968 2040 1139 2116 quinque
1166 2083 1374 2099 ......
1433 2037 1470 2094 95

381 2137 585 2222 Frequenter
606 2158 833 2222 conquassans
855 2159 915 2222 per
937 2138 1039 2202 horae
1062 2137 1234 2202 dimidiam
1246 2142 1375 2222 partem
1388 2136 1468 2201 cale-

337 2243 448 2309 facere
472 2265 581 2329 perge‚
606 2243 726 2308 deinde
748 2244 784 2308 in
807 2265 887 2308 vase
910 2235 1036 2328 operte
1050 2245 1156 2308 mixta
1173 2242 1226 2309 fae
1237 2243 1469 2329 refrigescant.

338 2350 444 2415 Filtra
466 2355 509 2428 et,
535 2351 563 2416 si
586 2371 670 2435 opus
694 2350 767 2429 erit,
791 2350 876 2416 adde
899 2372 1018 2436 aquam
1038 2351 1117 2416 dum
1134 2351 1264 2436 pondus
1280 2351 1469 2437 speeifieum

339 2457 384 2521 sit
410 2459 506 2535 1235
529 2457 571 2520 ad
598 2458 704 2534 1340.

383 2563 507 2649 Liquor
529 2564 649 2640 clarus,
673 2564 794 2628 eoloris
817 2585 944 2648 expers,
969 2564 1023 2627 vel
1035 2564 1154 2629 leviter
1164 2564 1330 2642 turbidus,
1344 2564 1470 2649 plumbi

338 2675 451 2756 partas
470 2670 669 2734 centesimas
688 2669 758 2734 fere
779 2673 820 2733 18
840 2671 1025 2735 continens.
1050 2671 1181 2736 Solutio
1201 2671 1351 2736 Aeetatis
1363 2671 1468 2756 plum·

337 2777 402 2842 biei
426 2776 528 2841 basiei
551 2778 703 2841 chartam
725 2777 983 2861 exploratoriam
1007 2777 1141 2841 rubram
1160 2779 1345 2842 caeruleam
1360 2776 1470 2841 reddit

338 2890 382 2960 et,
405 2883 521 2949 addito
544 2884 639 2950 acido
670 2883 831 2949 sulfurieo
855 2884 970 2962 diluto,
995 2884 1126 2948 aeidum
1149 2884 1310 2949 aeetieum
1333 2885 1468 2962 emittit,

337 2991 556 3076 praecipitato
579 2992 655 3057 albo
678 2992 871 3068 exsistente,
883 2991 971 3076 quod
987 2991 1022 3055 in
1035 2995 1163 3055 aestate
1175 2991 1360 3056 ammonieo
1371 2990 1469 3056 facile

339 3098 491 3162 solvitur.
1183 3173 1186 3178 ³

382 3204 568 3270 Solutionis
591 3205 741 3270 Aestatis
765 3205 921 3291 plumbiei
947 3204 1048 3269 basiei
1071 3205 1277 3269 centimetris
1300 3204 1424 3268 eubieis
1450 3205 1468 3266 2

338 3333 443 3396 aquae
477 3312 683 3376 centimetris
718 3313 841 3378 cubicis
878 3315 919 3376 20
954 3312 1069 3376 mixtis
1091 3311 1206 3374 addito
1229 3310 1324 3374 acido
1348 3308 1469 3394 hydro-

338 3418 483 3482 chlorieo
520 3418 600 3482 dum
638 3419 723 3482 nihil
756 3419 899 3502 amplius
934 3419 1180 3502 praecipitetur,
1204 3438 1279 3482 eum
1303 3439 1320 3480 e
1342 3417 1470 3501 liquore

338 3523 496 3589 filtrando
520 3531 637 3609 parato
660 3525 833 3610 plumbum
855 3524 1008 3589 relietum
1032 3545 1091 3608 per
1108 3523 1239 3588 aeidum
1255 3523 1469 3609 hydrosulfu-

337 3631 443 3696 rieum
473 3637 639 3696 remotum
663 3633 735 3708 erit,
764 3631 899 3709 filtrata,
923 3631 1039 3695 addita
1061 3631 1236 3709 ammonia,
1261 3630 1404 3715 speeiem
1428 3653 1470 3696 ne

338 3742 470 3801 mutent
489 3742 523 3801 et
545 3737 597 3812 iis,
621 3758 706 3822 quae
729 3737 770 3802 de
793 3739 928 3802 filtratis
951 3737 1067 3802 relieta
1090 3742 1198 3815 erunt,
1223 3739 1412 3823 evaporatis
1436 3745 1470 3802 et

337 3843 552 3922 candefactis,
576 3865 660 3928 quae
684 3851 892 3929 supererunt,
917 3845 1095 3929 ponderari
1118 3851 1294 3932 nequeant.

813 4132 1003 4140 ——u———--
