3582 5034
896 524 959 588 276

531 719 715 816 Oleum
752 719 1002 813 llentbee
1037 718 1326 838 piperltee.

406 898 525 963 Oleum
544 897 680 962 voletile
698 896 923 962 destillatione
942 918 1002 982 per
1019 917 1139 981 equam
1158 917 1176 959 e
1195 893 1384 961 recentibus
1402 893 1492 958 foliis

363 1010 396 1069 et
414 1005 516 1069 remis
535 1003 664 1068 floridis
689 1004 890 1068 Menthee
913 1003 1143 1089 piperitee‚
1169 1002 1269 1066 LINN.
1284 1000 1341 1087 Sp.
1356 1000 1402 1064 Pl.
1418 1000 1492 1076 576,

361 1115 525 1196 peretum.

407 1252 538 1318 Ooloris
561 1274 680 1340 expers
703 1253 756 1318 vel
779 1253 984 1333 subflavum
1008 1274 1107 1341 sepor
1125 1252 1290 1339 proprius,
1303 1271 1413 1328 urens,
1426 1271 1493 1314 non

361 1381 507 1439 emerus;
531 1360 568 1424 in
591 1381 649 1424 ore
667 1361 864 1445 respirentis
880 1382 1014 1426 sensum
1026 1360 1163 1445 frigoris
1175 1359 1334 1426 excitens.
1360 1357 1494 1422 Pondus

361 1467 550 1552 specificam
574 1468 672 1546 0‚900
695 1467 737 1532 ed
761 1469 870 1546 Ο,920.

408 1573 482 1639 Olei
505 1575 662 1639 Menthee
684 1575 846 1662 piperitee
868 1576 1064 1642 centimetre
1086 1575 1201 1640 cubica
1226 1576 1245 1638 2
1269 1572 1356 1639 acidi
1378 1569 1495 1637 scotici

362 1681 569 1746 concentreti
599 1681 805 1746 centimetris
835 1683 959 1748 cubicis
993 1685 1012 1746 2
1044 1687 1078 1746 et
1107 1680 1193 1748 acidi
1222 1680 1335 1746 nitrici
1353 1683 1451 1764 gutte
1475 1681 1493 1740 1

361 1787 467 1852 mixte
489 1787 649 1873 peuletim
672 1789 817 1853 colorem
836 1810 998 1876 cyeneum
1028 1789 1168 1853 trehunt
1198 1793 1231 1852 et
1261 1787 1371 1852 colore
1392 1784 1495 1849 rubro

362 1894 456 1979 cupri
477 1893 691 1960 fluorescunt.

407 2000 527 2065 Oleum
562 2001 719 2066 Menthee
754 2001 925 2087 piperitee,
949 2001 1064 2067 addito
1099 2001 1219 2087 spiritu
1253 2021 1314 2086 pro
1348 1998 1496 2085 quelibet

363 2107 526 2193 portione,
557 2109 663 2173 mixte
692 2108 781 2174 clere
795 2163 797 2168 .
811 2108 986 2196 praebeet3
1017 2109 1052 2172 in
1075 2108 1213 2194 spiritus
1235 2106 1335 2172 diluti
1356 2104 1496 2171 volumi·

363 2214 463 2279 nibus
491 2218 510 2278 5
541 2214 692 2280 solvetur
722 2215 757 2279 in
787 2216 949 2302 liquorem
979 2216 1104 2281 elerum
1135 2214 1189 2279 vel
1219 2218 1350 2279 tentum
1377 2212 1496 2278 leviter

366 2321 617 2406 opelescentem.

411 2426 528 2492 Oleum
553 2428 710 2492 Menthee
735 2429 897 2516 piperitee
919 2430 1045 2495 setisne
1067 2428 1230 2494 mentholi
1251 2424 1499 2504 continentiis

366 2535 604 2621 investigetur:
630 2535 704 2600 Olei
723 2537 880 2602 Menthee
899 2537 1060 2623 piperitee
1079 2536 1274 2602 centimetre
1291 2533 1407 2599 cubice
1425 2530 1496 2596 fere
1562 2597 1566 2605 ,

368 2643 419 2718 20,
441 2662 516 2707 cum
546 2641 633 2707 acidi
663 2642 780 2709 ecetici
802 2644 977 2730 enhydrici
1007 2645 1080 2730 peri
1103 2643 1271 2708 volumine
1301 2645 1336 2705 et
1358 2638 1497 2706 ecetetis

366 2747 486 2812 nutrici
510 2748 685 2833 enhydrici
708 2750 903 2836 gremmetis
927 2753 946 2814 2
966 2773 1026 2837 per
1038 2752 1154 2815 horem
1168 2753 1184 2813 1
1199 2749 1318 2814 leniter
1329 2751 1495 2822 concocta,

367 2854 419 2919 bis
449 2876 544 2940 eque,
573 2860 645 2919 tum
671 2857 850 2923 cerbonete
873 2859 1001 2924 natrice
1022 2860 1188 2943 (1:20),
1212 2856 1353 2941 deniqne
1377 2855 1497 2919 itemm

366 2982 452 3046 eque
474 2961 637 3040 leventur,
662 2984 728 3047 que
751 2962 842 3030 fecto
865 2986 925 3050 per
946 2965 1103 3030 sulletem
1118 2963 1283 3029 natricum
1296 2962 1497 3027 exsiccetum

366 3069 540 3134 siccentur.
588 3068 662 3134 Olei
689 3070 736 3134 ite
759 3071 917 3156 ecetylsti
939 3071 1133 3159 gremmetis
1159 3073 1200 3134 10
1223 3091 1298 3135 cum
1321 3065 1497 3132 solutionis

366 3174 520 3260 hydretis
547 3174 648 3241 kelici
675 3177 834 3242 normelis
857 3179 1057 3245 elcoholicee
1079 3177 1285 3243 centimetris
1307 3172 1431 3239 cubicis
1452 3173 1496 3235 50

367 3304 426 3368 per
446 3283 563 3347 horem
581 3287 597 3346 l
612 3285 789 3363 concoctis,
803 3285 840 3363 si,
854 3284 970 3350 eddito
981 3281 1290 3371 phenolphthnleini
1301 3279 1497 3345 centimetro

365 3389 481 3455 cubico
504 3389 575 3454 fere
601 3393 629 3468 1,
650 3391 826 3456 elcelinum
842 3391 983 3456 liberum
995 3413 1054 3477 per
1066 3389 1196 3456 eoldum
1208 3385 1497 3474 hydrochloricnm

366 3498 515 3562 normele
545 3498 818 3576 retrotitrebitur,
855 3498 1050 3565 centimetre
1083 3496 1198 3563 cubica
1228 3515 1270 3558 ne
1300 3493 1497 3578 plusquam

368 3606 445 3682 21,0
467 3604 689 3690 requirentur.

833 3797 1037 3810 ——12-——1

387 3953 438 4050 ÷
472 3956 655 4051 llleum
692 3957 1021 4075 llyrlsticee
1055 3979 1394 4075 expressum.

414 4135 522 4199 Mixto
552 4134 661 4199 oleum
692 4135 815 4220 pingue
844 4140 878 4200 et
901 4135 1010 4199 oleum
1033 4133 1179 4212 volatile,
1214 4133 1322 4198 celere
1346 4128 1496 4196 adhibito

368 4242 582 4348 expressione
603 4247 721 4327 perete
743 4264 761 4306 e
785 4242 976 4308 Seminibus
998 4241 1199 4328 Myristicee.
