3530 5026
875 499 939 561 144

379 694 1347 813 1-Εκιηοιιιωῃιιοῑουωμυεῑιυω.

382 874 484 941 Misce
507 873 549 938 sd
572 873 742 959 pulverem
765 871 936 958 aequalem

435 987 583 1038 Extractl
603 987 686 1038 Rhei
707 986 842 1058 partos
863 980 1075 1056 sexaginta
1095 1021 1386 1040 ........
1433 980 1470 1037 60

436 1085 581 1137 Extractl
602 1086 697 1136 Alces
718 1084 855 1156 partes
876 1077 1026 1153 viginti
1058 1121 1385 1138 .........
1432 1077 1470 1135 20

436 1183 575 1235 aesinae
595 1182 723 1246 Ielspee
745 1181 883 1253 portes
904 1173 1034 1233 decem
1055 1218 1384 1235 .........
1433 1175 1470 1232 10

435 1281 570 1345 saponis
590 1280 743 1332 medlenti
764 1279 899 1352 partes
920 1270 1049 1331 decem
1058 1317 1384 1332 .........
1434 1273 1470 1331 10

386 1392 579 1456 Extreclum
625 1389 709 1454 Rhci
743 1388 973 1474 compositum,
1008 1387 1124 1452 addita
1157 1409 1242 1474 oque
1275 1390 1309 1471 (1
1339 1413 1373 1448 =
1403 1388 1467 1473 10),

337 1499 499 1584 liquorem
530 1496 666 1582 praebet
696 1495 876 1573 turbidum,
902 1495 1040 1560 obscure
1063 1494 1315 1580 griseofuscum,
1339 1494 1468 1579 saporis

336 1605 450 1682 umeri,
476 1605 542 1690 qui,
567 1603 683 1668 addito
706 1603 845 1688 spiritus
869 1602 941 1688 pori
964 1602 1141 1681 volumine,
1166 1602 1326 1668 clarescit.

383 1713 461 1776 Per
484 1712 643 1777 calcem
666 1711 809 1775 vivom
833 1709 1103 1775 servendum.

798 2009 1011 2017 ——-—-—

420 2255 732 2348 [xlraclum
767 2253 992 2349 Secalis
1026 2255 1258 2349 cernuli.
1294 2252 1334 2346 f.
1370 2256 1395 2346 Ι.

384 2451 523 2526 Monere,
549 2449 741 2536 frequenter
763 2449 906 2534 agitans,
931 2471 990 2534 por
1013 2449 1113 2513 horas
1139 2451 1178 2512 12

437 2561 557 2612 seculis
571 2561 699 2612 cornuti
713 2556 752 2613 in
766 2555 968 2632 pulverem
981 2553 1060 2633 (Bm)
1075 2553 1231 2612 redacti
1245 2562 1376 2631 perles

477 2659 627 2712 centum
660 2697 1385 2714 ...................
1415 2651 1471 2710 100

362 2773 398 2816 er

339 2773 361 2838 p
436 2865 612 2916 Solutionis
634 2863 844 2915 chlorororml
860 2876 1000 2927 aquosae
1034 2865 1167 2935 peries
1198 2857 1390 2916 ducentos
1412 2856 1470 2914 200

385 2957 542 3041 Exprime
565 2960 599 3020 et
621 2956 781 3041 liquorem
806 2956 841 3019 in
863 2955 981 3020 balneo
1005 2977 1108 3041 oquae
1131 2953 1254 3020 colloco
1277 2955 1356 3018 dum
1375 2953 1468 3018 elbu-

339 3064 466 3127 minsls
487 3063 726 3128 concreverinl.

383 3170 528 3234 Massam
551 3190 740 3254 expressam
764 3191 823 3254 per
846 3170 945 3234 hores
969 3172 988 3234 6
1013 3190 1142 3234 macera
1164 3191 1224 3255 per

436 3281 612 3333 solutionis
631 3282 842 3333 Chlorotorml
861 3294 999 3344 aquosae
1031 3283 1166 3353 partes
1197 3275 1390 3334 ducentas
1411 3274 1469 3332 200

384 3375 511 3438 ilerum
530 3374 686 3459 exprime,
707 3373 826 3438 deinde
845 3373 1006 3460 liquorem
1025 3373 1158 3451 caliace,
1179 3395 1245 3459 quo
1256 3372 1356 3438 modo
1368 3393 1468 3457 supro

339 3479 522 3545 indicatum
546 3485 606 3544 ost.

385 3587 544 3672 Liquores
567 3588 763 3652 coniunctos
786 3595 820 3652 et
839 3587 966 3652 solutos
977 3588 1012 3652 in
1025 3587 1143 3652 balneo
1154 3608 1259 3672 squse
1271 3585 1468 3672 evaporucd

438 3701 574 3771 partes
594 3695 890 3771 quinquaginta
896 3735 1383 3755 .............
1431 3691 1469 3749 50

340 3791 461 3878 quibus
483 3791 692 3879 refrigeretis
716 3793 800 3857 addo

437 3904 579 3966 spiritus
604 3906 738 3976 perles
759 3906 913 3957 centum
935 3941 1382 3960 ............
1412 3895 1469 3953 100

386 3996 466 4061 Post
500 3996 636 4061 biduum
670 3997 831 4083 liquorem
865 3998 955 4062 filtro
988 4003 1022 4063 et
1051 4017 1195 4082 evaporo
1217 3994 1260 4060 cd
1282 3999 1467 4060 extractum

341 4103 493 4189 spissum.

386 4210 582 4278 Exti-actum
617 4211 741 4278 Secslis
776 4212 916 4290 cornuti,
952 4211 1076 4277 oddilis
1105 4232 1210 4297 cquae
1239 4209 1390 4296 pertibus
1415 4208 1466 4284 10,
