3582 5034
879 532 940 595 261

344 709 460 792 eodem
470 725 571 791 modo
582 725 768 792 trectende.
793 725 920 804 Oleum,
937 747 1013 792 cum
1024 726 1199 804 desederit,
1212 727 1337 792 clerum
1349 725 1476 793 fectum

344 831 509 912 defunde;
544 854 629 919 quse
651 832 767 897 relicta
790 838 897 910 erunt,
921 832 1020 898 filtro.

388 939 508 1005 Oleum
538 938 739 1018 subflavum,
772 939 885 1004 odoris
915 960 1043 1025 expers,
1068 961 1136 1004 non
1158 960 1322 1019 arescens,
1347 939 1477 1025 soporis

343 1045 433 1113 mitis
456 1047 565 1133 quslis
584 1052 635 1112 est
657 1067 789 1114 nucum.
816 1046 951 1111 Pondus
971 1045 1160 1132 specificum
1179 1049 1277 1124 0,915
1300 1046 1343 1111 od
1366 1048 1476 1125 0,920.

387 1153 506 1218 Oleum
529 1152 793 1240 Arnygdslsmm
817 1153 936 1218 coloris
963 1153 1072 1240 grsdu
1101 1190 1131 1202 -
1156 1153 1213 1217 15⁰
1236 1152 1399 1238 liquidum
1422 1153 1476 1222 sit.

343 1259 450 1327 Index
473 1260 709 1339 iodimetricus,
735 1259 962 1346 experimento
985 1260 1021 1323 in
1043 1259 1323 1347 milligrommstis
1347 1262 1412 1324 200
1435 1259 1477 1324 od

345 1369 408 1431 220
431 1388 492 1453 per
514 1368 616 1432 horse
639 1371 767 1451 purtem
783 1365 917 1432 tertiam
929 1366 1134 1444 continuato,
1148 1388 1190 1431 ne
1202 1365 1247 1431 sit
1259 1366 1368 1431 minor
1378 1387 1479 1452 quum

344 1475 385 1538 95
408 1495 494 1539 neve
517 1473 624 1539 maior
646 1495 746 1559 quem
772 1475 846 1537 101.
886 1472 960 1538 Olei
983 1472 1247 1559 Amygdolsrum
1270 1473 1477 1540 centimetris

343 1579 467 1646 cubicis
497 1581 668 1646 nonnullis
698 1601 773 1645 oum
803 1579 890 1646 scidi
919 1580 1032 1645 nitrici
1055 1581 1128 1665 pori
1151 1580 1320 1645 volumine
1342 1579 1479 1645 fortiter

343 1687 583 1773 conquassatis,
615 1688 721 1752 mixte
750 1687 827 1752 elbo
857 1687 935 1765 sint,
966 1688 1076 1753 oleum
1106 1709 1148 1752 ne
1171 1686 1334 1752 flavescet
1356 1708 1478 1752 nevee

345 1793 499 1860 subflavo
522 1793 677 1860 rubescat
698 1815 785 1859 neve
807 1793 1041 1861 mbrofuscum
1063 1795 1122 1859 fist
1148 1795 1268 1880 (obsum
1291 1793 1478 1860 otwleowm

340 1901 570 1986 postcomm).

389 2007 463 2072 Olei
485 2007 749 2093 Amygdslerum
783 2007 978 2073 centimetre
1011 2008 1128 2074 cubico
1160 2008 1322 2073 nonnulle
1352 2007 1382 2072 si
1411 2029 1479 2072 une

345 2134 420 2178 cum
454 2114 541 2180 scidi
573 2113 686 2180 nitrici
727 2114 801 2199 peri
830 2115 998 2180 volumine
1025 2136 1187 2180 converse
1220 2122 1328 2193 erunt,
1366 2114 1478 2179 addito

346 2219 548 2306 hydrargyri
582 2221 770 2306 quantitate
799 2242 914 2306 parve,
945 2223 1054 2287 oleum
1079 2228 1155 2307 post
1177 2223 1277 2286 horos
1300 2220 1478 2285 nonnullos

346 2325 381 2389 in
403 2348 546 2392 messem
568 2326 718 2406 solidam,
742 2327 813 2392 lere
835 2327 944 2393 olbam
967 2329 1096 2394 obierit.

813 2607 1016 2622 μ...-

712 2870 895 2966 oleum
945 2871 1115 2966 Anici.

391 3079 507 3146 Oleum
529 3082 665 3147 volstile
687 3082 913 3149 destillatione
936 3105 996 3172 per
1017 3107 1138 3170 equom
1156 3106 1175 3149 e
1195 3083 1372 3152 Fructibus
1383 3085 1479 3151 Anisi

348 3193 510 3272 peretum.

391 3347 523 3414 Ooloris
557 3369 675 3435 expers
706 3350 761 3415 vel
790 3349 987 3429 subflavum,
1019 3352 1125 3417 lucem
1149 3351 1246 3417 valde
1268 3351 1479 3437 refringens;

347 3473 445 3540 sapor
457 3454 636 3536 subdulcis,
650 3456 783 3543 proprie
795 3458 1006 3524 aromaticus.
1032 3457 1167 3523 Pondus
1179 3458 1366 3544 specificum
1380 3461 1480 3536 0,980

348 3559 389 3624 ed
412 3563 521 3640 0,990.
558 3561 689 3628 Celeris
712 3564 819 3648 grodu
840 3585 882 3628 ne
901 3565 1012 3629 minus
1031 3586 1131 3650 quom
1156 3564 1214 3628 14⁰
1235 3568 1436 3630 concrescet.

392 3667 509 3733 Oleum
533 3669 630 3733 Anisi
654 3669 689 3733 in
712 3670 850 3755 spiritus
869 3671 1096 3736 voluminibus
1117 3673 1136 3734 2
1156 3671 1324 3750 solvetur;
1348 3671 1378 3736 si
1397 3691 1481 3756 opus

350 3773 412 3839 erit
434 3773 467 3838 in
492 3775 693 3860 experiendo
717 3775 760 3840 sd
783 3775 903 3841 eoloris
926 3776 1066 3861 gradum
1091 3779 1171 3841 2οω
1193 3777 1336 3842 calefieri
1358 3777 1480 3842 licebit.

816 4107 1020 4118 -———-·—-—
