3582 5034
892 531 956 595 265

400 724 473 790 Olei
508 723 719 791 Cinnamomi
752 724 940 790 centimetri
972 724 1080 791 cubici
1110 724 1267 790 dimidiae
1294 726 1382 809 parti
1404 726 1490 810 (0,5)

355 832 441 899 acidi
463 832 576 898 nitrici
594 853 655 917 par
674 831 828 896 volumen
850 831 959 898 calore
982 832 1099 918 glaciei
1111 832 1325 918 liquescentis
1337 832 1488 898 stillatim

355 939 505 1005 additum
528 961 672 1005 massam
694 939 923 1025 crystallinam
946 939 1105 1023 praebeat
1117 944 1248 1004 tantum
1261 939 1360 1024 paulo
1374 939 1489 1005 obscu·

353 1046 475 1111 riorem
497 1069 597 1133 quam
620 1047 729 1112 oleum
752 1053 813 1112 est.

399 1153 518 1218 Oleum
549 1153 770 1232 Cinnamomi
792 1153 905 1219 addito
925 1154 1046 1240 spiritu
1068 1175 1129 1240 pro
1152 1153 1301 1240 qualibet
1324 1155 1487 1241 portione,

354 1260 459 1326 mixta
489 1262 578 1327 clara
600 1262 768 1349 praebeat,
792 1262 828 1325 in
851 1261 990 1347 spiritus
1012 1261 1111 1326 diluti
1133 1261 1360 1327 voluminibus
1385 1264 1405 1326 3
1425 1263 1489 1326 sol-

354 1372 468 1447 vatur;
500 1369 554 1434 hic
582 1369 693 1455 liquor
714 1370 865 1435 chartam
888 1369 1147 1455 exploratoriam
1169 1369 1354 1436 caeruleam
1378 1369 1488 1434 reddit

355 1474 500 1540 rubram.

399 1581 517 1647 Oleum
552 1581 764 1649 cinnamomi
797 1585 834 1648 in
857 1583 979 1669 spiritu
1008 1585 1042 1666 (1
1061 1609 1094 1644 =
1114 1583 1170 1668 10)
1193 1584 1348 1661 solutum,
1374 1582 1490 1649 addito

354 1689 502 1755 chloreto
536 1690 667 1769 ferrico,
699 1689 879 1770 subviride,
914 1713 982 1755 non
1005 1691 1178 1777 perspicue
1212 1690 1399 1755 caeruleum
1433 1690 1492 1754 fiat

353 1796 473 1877 (oleum
495 1798 654 1882 soliorum
679 1795 911 1881 Oinaomomi).

398 1903 473 1969 Olei
495 1901 706 1971 Cinnamomi
729 1907 764 1970 in
787 1927 907 1991 aquam
931 1905 1085 1970 instillati
1096 1909 1213 1992 guttae
1225 1905 1385 1982 celeriter,
1398 1903 1490 1969 nulla

355 2011 545 2077 turbatione
579 2012 671 2079 facta
703 2013 878 2098 (spiritus),
914 2012 1174 2099 submergantur
1196 2012 1316 2096 (oleum
1339 2012 1487 2096 piaque).

397 2118 471 2184 Olei
495 2117 706 2185 Cinnamomi
727 2120 934 2186 centimetris
955 2119 1081 2185 cubicis
1106 2123 1126 2183 5
1151 2141 1217 2184 una
1239 2140 1313 2184 cum
1331 2118 1488 2183 bisulfitis

353 2225 472 2291 natrici
494 2227 552 2312 (30
570 2253 604 2287 =
622 2229 702 2312 100)
731 2226 937 2294 centimetris
967 2226 1093 2293 cubicis
1125 2229 1167 2291 50
1193 2225 1386 2311 frequenter
1409 2246 1486 2291 con·

352 2334 528 2417 quassatis,
564 2356 623 2420 per
658 2337 677 2398 2
709 2335 810 2400 horas
839 2335 875 2398 in
905 2334 1023 2400 balneo
1053 2353 1158 2418 aquae
1180 2331 1360 2410 calefactis,
1384 2333 1487 2398 centi-

353 2447 459 2506 metra
490 2441 607 2508 cubica
641 2464 683 2507 111
717 2442 792 2527 plus
819 2463 918 2528 quam
943 2444 1017 2520 225
1045 2462 1129 2505 neve
1152 2439 1262 2506 minus
1286 2460 1387 2525 quam
1412 2441 1487 2518 1,25

351 2545 545 2613 insolubilia
566 2548 646 2613 sint.

396 2654 515 2720 Oleum
541 2655 762 2734 cinnamomi,
786 2677 862 2722 cum
891 2655 1069 2721 solutionis
1091 2654 1246 2740 hydratis
1268 2653 1389 2718 nutrici
1413 2654 1486 2738 pari

351 2763 518 2827 volumine
551 2769 820 2849 conquassatum,
856 2763 1037 2828 voluminis
1059 2784 1102 2826 ne
1133 2763 1208 2848 plus
1234 2782 1334 2848 quam
1357 2767 1486 2846 partem

351 2867 511 2935 decimam
535 2871 680 2936 amittat.

820 3039 1024 3057 *—

651 3171 1103 3268 1011111111.

395 3348 514 3414 Oleum
532 3350 668 3416 volatile
688 3351 901 3437 expressione
920 3373 938 3416 e
957 3349 1245 3417 (11111111111111
1264 3347 1487 3415 Gitrirecenti

352 3461 514 3540 paratum.

396 3616 510 3682 Tenue
540 3617 711 3703 liquidum,
744 3617 949 3696 subflavum3
975 3637 1075 3703 sapor
1097 3617 1190 3694 lenis,
1215 3615 1426 3693 aromaticus,
1450 3613 1486 3677 in

353 3741 408 3787 ore
441 3723 578 3790 relictus
612 3746 754 3790 amarus.
802 3725 876 3790 Olei
912 3723 998 3790 Citri
1033 3729 1131 3810 gutta
1156 3727 1184 3800 l,
1216 3744 1292 3787 cum
1326 3721 1484 3786 saccharo

350 3830 495 3895 contrita
518 3836 552 3894 et
574 3831 610 3894 in
633 3853 738 3916 aquae
757 3831 962 3897 centimetris
974 3831 1099 3897 cubicis
1113 3832 1178 3894 500
1190 3828 1309 3906 soluta,
1324 3828 1485 3913 liquorem

350 3935 508 4017 praebeat
542 3939 631 4022 grati
666 3937 778 4003 odoris
813 3938 983 4004 fructuum
1018 3938 1103 4004 citri.
1137 3935 1273 4001 Pondus
1297 3933 1486 4020 specificam

352 4042 451 4120 0,850
474 4043 518 4108 ad
541 4045 651 4121 0,860.
688 4044 806 4109 Oleum
831 4044 917 4112 Citri
941 4047 976 4110 in
1006 4045 1087 4110 tubo
1107 4045 1323 4109 decimetrum
1345 4046 1362 4105 1
1384 4041 1485 4126 longo

352 4145 514 4214 inclusum
533 4149 641 4236 gradu
659 4151 778 4216 caloris
792 4151 991 4217 20⁰radium
1003 4152 1085 4218 lucis
1097 4151 1297 4239 polarisatae
1308 4148 1486 4232 detorquet

353 4255 775 4340 gradarsssasacr.
