3544 5050
845 548 910 612 465

311 745 433 810 fuscae.
470 743 560 808 Vasa
586 741 764 829 xylematis
787 748 941 830 separata
963 743 1017 808 vel
1040 743 1075 807 in
1097 743 1274 810 fasciculos
1296 745 1443 825 collecta,

311 853 503 938 plerumque
526 850 720 916 scrobiculis
743 850 931 936 duplicibus
954 851 1144 930 rimalibus3
1173 851 1341 917 interdum
1364 874 1445 918 vasa

311 958 455 1045 spiralia.

356 1065 448 1130 Odor
478 1065 650 1151 proprius3
681 1085 782 1151 sapor
807 1065 899 1151 prius
930 1064 1108 1144 subdulcia,
1133 1087 1211 1130 mox
1233 1087 1309 1131 acer
1332 1071 1366 1132 et
1387 1067 1445 1130 ad-

311 1172 489 1258 stringens,
514 1171 612 1237 simul
635 1193 770 1236 sensum
792 1173 938 1258 torporis
960 1173 995 1236 in
1019 1194 1076 1238 ore
1099 1173 1232 1239 excitat.

356 1279 487 1343 Tubero
509 1277 645 1343 Aconiti
668 1301 709 1343 ne
731 1279 859 1344 diutius
881 1301 981 1365 quem
1001 1302 1104 1344 unum
1123 1303 1247 1345 annum
1259 1285 1444 1346 serventur.

674 1904 879 1999 Tolera
911 1903 1078 2000 Salat.

357 2081 543 2147 Tubercula
565 2103 649 2167 quae
672 2082 810 2168 praebet
833 2082 991 2148 Orchis
1016 2081 1235 2160 militaris,
1260 2081 1362 2147 LINN.
1386 2082 1443 2169 Sp.

313 2187 359 2251 Pl.
374 2189 436 2251 941
450 2187 599 2273 aliaeque
623 2188 889 2274 Ophrydeae‚
914 2187 1029 2253 stetim
1041 2193 1119 2274 post
1130 2188 1286 2253 anthesin
1298 2188 1444 2268 collecta,

312 2299 464 2380 purgata,
488 2295 525 2358 in
546 2316 667 2380 aquam
690 2295 903 2360 ebullientem
926 2295 1091 2373 immersa,
1116 2316 1190 2360 aare
1214 2295 1346 2361 siccabo.

356 2453 563 2520 Centimetra
596 2455 638 2519 cd
674 2457 695 2520 4
729 2455 839 2542 longa,
876 2478 988 2522 crassa
1010 2455 1207 2522 centimetra
1229 2456 1271 2520 cd
1296 2459 1326 2534 3,
1350 2456 1443 2537 dura,

312 2561 393 2626 satis
417 2562 542 2648 gravia,
567 2562 829 2650 semiperlucida,
855 2563 1036 2628 enormiter
1047 2563 1348 2648 oblongorotunda‚
1362 2584 1444 2627 non-

311 2688 481 2752 nunquam
516 2673 616 2733 ovata
647 2669 699 2734 vel
730 2667 941 2754 subglobosa,
973 2668 1142 2733 interdum
1166 2668 1267 2732 etiam
1301 2668 1445 2754 palmate

310 2796 451 2839 ramosa.
478 2774 574 2840 Baeis
598 2775 728 2852 obtusa,
753 2780 918 2859 gemmato
942 2795 1055 2861 parvo
1080 2775 1171 2839 victo
1195 2775 1248 2839 vol
1266 2775 1445 2861 talisgem-

310 2882 410 2947 matis
432 2881 584 2946 cicatrice
607 2882 681 2946 loco
696 2880 832 2966 paulum
854 2882 1029 2968 depresso;
1053 2903 1140 2967 apex
1161 2882 1443 2947 subocuminatus.

312 2986 515 3073 Superficies
557 2973 678 3052 crassis
724 2987 824 3053 sulcis
859 2987 1070 3064 transversis,
1107 2987 1275 3052 interdum
1309 2989 1444 3053 tenuius

311 3098 500 3158 transverse
543 3114 674 3178 rugosa,
710 3095 797 3158 clare
821 3093 1017 3172 flavofusca,
1050 3094 1295 3180 quodammodo
1329 3117 1444 3180 aspere

312 3220 497 3285 squamosa,
534 3199 730 3285 praesertim
771 3200 806 3263 in
840 3201 992 3286 partibus
1027 3202 1293 3287 prominentibus
1317 3201 1443 3280 albida3

311 3305 459 3370 fractura
481 3310 672 3372 transversa
695 3328 824 3385 cornea,
845 3329 972 3395 aspera,
998 3308 1113 3373 codem
1133 3309 1242 3374 colore
1254 3330 1321 3393 quo
1334 3330 1445 3394 euper-

312 3411 415 3489 ficies,
439 3411 684 3497 quodammodo
707 3413 970 3500 albosquamose.

356 3517 575 3604 Microscopia
609 3520 766 3604 pulveris.
806 3520 986 3584 Maximam
1017 3525 1146 3606 partem
1169 3521 1304 3586 cellulae
1326 3541 1445 3607 paren·

311 3625 524 3710 chymaticae,
561 3624 792 3710 subglobosae,
827 3624 990 3712 oblongae
1025 3626 1078 3690 vel
1113 3631 1241 3703 ovatae,
1277 3647 1375 3711 saepo
1409 3627 1443 3690 in

311 3730 428 3814 globos
451 3732 616 3808 collectae,
641 3733 695 3796 vel
719 3733 753 3795 in
772 3731 1037 3810 fractafractaa;
1062 3731 1264 3798 membranis
1276 3733 1441 3816 tenuibus,

311 3837 431 3901 coloris
454 3837 656 3923 expertibus,
682 3859 820 3924 prorsus
831 3838 987 3924 impletae
999 3861 1108 3904 massa
1119 3839 1247 3903 inclusa
1269 3839 1442 3923 aequabili,

312 3943 431 4007 coloris
462 3943 600 4029 experti.
632 3945 831 4010 Praesertim
850 3946 885 4008 in
898 3944 1040 4030 hydrate
1052 3945 1190 4010 chlorali
1201 3944 1314 4009 iodato
1327 3946 1445 4009 harum

312 4049 503 4114 cellularum
526 4072 649 4136 genera
674 4054 693 4114 2
717 4073 789 4116 esse
805 4056 961 4138 apparet:
988 4050 1169 4116 l⁰cellulas
1181 4050 1292 4135 amyli,
1305 4072 1443 4137 prorsus

312 4155 465 4245 impletas
488 4157 585 4242 gleba
608 4157 782 4243 aequabili,
807 4181 849 4223 ex
871 4157 974 4243 amyli
997 4157 1111 4244 granis
1136 4155 1341 4223 tumentibus
1354 4161 1442 4234 orta3

312 4267 443 4328 tantum
478 4265 532 4329 hic
568 4265 635 4328 illic
669 4285 775 4350 grana
810 4286 877 4328 non
912 4263 965 4328 vel
989 4265 1111 4350 partim
1141 4261 1314 4340 tumentia,
1338 4261 1386 4325 ita
1408 4265 1446 4324 ut

1361 4418 1397 4470 32
