3530 5026
869 446 929 506 121

333 661 437 726 aquae
460 638 584 704 caliace
607 659 666 724 per
684 639 784 704 horae
797 643 925 723 partem
937 638 1117 716 dimidiam,
1131 639 1292 724 liquorem
1304 639 1461 704 defunde.

332 747 425 811 Idem
448 747 500 811 bis
523 747 608 812 itera
630 768 690 831 per
711 745 928 811 chloroformi
947 746 1144 812 centimetra
1155 745 1270 810 cubica
1282 747 1460 830 dena(10).

334 853 591 938 Hydrargyrum
626 852 747 918 caloris
781 853 888 938 gradu
925 855 1004 916 100⁰
1043 853 1130 918 sicca
1164 857 1198 918 et
1227 851 1462 938 refrigeratum

334 960 488 1044 pondera.
514 959 649 1025 Pondus
672 981 713 1024 ne
738 960 783 1024 sit
805 960 916 1024 minus
939 982 1038 1045 quam
1061 959 1366 1044 milligrammatum
1388 963 1462 1024 240.

379 1067 636 1154 Hydrargyrum
656 1073 821 1134 secretum
832 1067 938 1132 isdem
951 1067 1108 1152 puritatis
1124 1067 1254 1152 legibus
1267 1067 1462 1144 satisfaciat,

334 1175 453 1258 quibus
476 1175 745 1260 Hydrargyrum.

805 1401 1008 1411 ———

485 1576 830 1696 [apiastrum
865 1575 1020 1696 Oxydi
1056 1575 1315 1696 plumbici.

653 1755 901 1839 emplastrum
925 1756 1145 1840 Diapalmae.

381 1867 564 1935 commisce
587 1875 700 1955 partes
723 1871 862 1936 totidem

431 1981 535 2044 oxydi
556 1983 712 2046 plumbici
739 1979 778 2035 in
807 1979 1006 2056 pulverem
1034 1978 1113 2057 (Bw)
1141 1977 1306 2047 redacti,

433 2083 553 2144 ΑΜ,

433 2179 545 2243 adipis
566 2179 666 2240 suilli.

433 2277 501 2328 olei
522 2275 701 2328 olivarum.

382 2367 514 2446 Mixtus,
549 2368 743 2454 frequenter
776 2370 918 2454 agitans,
953 2368 1078 2435 caliace
1112 2375 1146 2434 et
1168 2369 1337 2434 interdum
1361 2389 1466 2454 aquae

336 2475 539 2559 quantitates
573 2497 694 2562 parvas
727 2476 812 2542 adde
846 2476 925 2541 dum
957 2477 1104 2563 oxydum
1132 2476 1334 2562 plumbicum
1358 2481 1466 2540 totum

336 2580 483 2646 iunctum
507 2583 552 2648 sit
574 2605 681 2668 neque
692 2584 835 2669 amplius
847 2583 1018 2669 emplastri
1029 2605 1157 2648 massae
1169 2583 1339 2669 quantitas
1352 2602 1464 2666 parva,

337 2687 398 2752 sub
420 2710 506 2774 aqua
529 2688 704 2767 malaxata‚
722 2689 838 2774 digitis
850 2691 1039 2755 adhaereat.
1054 2691 1280 2775 Emplastrum
1294 2690 1466 2754 malaxans

336 2815 421 2880 aqua
443 2796 517 2860 elue
539 2802 575 2860 et
595 2797 631 2860 in
655 2796 774 2861 balneo
797 2819 902 2882 aquae
925 2797 1122 2863 calefaciens
1145 2797 1241 2862 sicca.

382 2900 607 2986 Emplastrum
637 2902 749 2967 album
780 2903 823 2967 ad
852 2903 1062 2982 flavoalbum‚
1094 2903 1223 2981 durum,
1256 2903 1369 2968 odoris
1398 2924 1467 2967 non

336 3007 472 3084 rancidi,
496 3008 531 3072 in
554 3031 621 3095 quo
645 3011 826 3094 panticulae
840 3011 942 3097 oxydi
955 3011 1112 3096 plumbici
1124 3011 1321 3096 conspicuae
1333 3033 1375 3074 ne
1388 3011 1465 3075 sint.

382 3113 609 3200 Emplastrum
622 3115 734 3201 Oxydi
743 3115 910 3202 plumbici,
920 3118 1128 3196 calefactum,
1137 3117 1173 3182 in
1182 3117 1293 3182 sulfidi
1301 3117 1467 3182 sarbonici

337 3221 487 3304 partibus
513 3224 554 3286 10
577 3222 738 3288 solvetur.

810 3451 1012 3462 -ι--ι

467 3620 516 3718 ÷
551 3619 895 3745 [apiastrum
933 3635 1255 3746 senensium.

384 3798 461 3864 Una
483 3801 628 3888 liquefac

437 3915 613 3979 Emplastra
644 3917 748 3979 oxydl
777 3918 933 3982 plumbici
966 3918 1101 3989 partes
1128 3911 1390 3988 septuaginta

476 4007 652 4084 quinque
654 4050 1381 4069 ...................
1430 4005 1467 4064 75

342 4089 375 4148 ei
436 4181 533 4235 Cerae
554 4185 659 4236 flavae
680 4187 816 4256 partes
837 4178 974 4236 decem.
1016 4218 1385 4242 ..........
1434 4173 1471 4230 10
