3544 5050
838 522 900 584 421

596 715 849 813 Suttitum
888 716 1147 812 stitioum.
1268 823 1276 839 ἢ

590 896 718 966 Sult'ur
740 896 909 964 auratum
933 894 1151 964 tntimonti.

814 1037 926 1124 Sst·

348 1181 461 1246 Pulvis
483 1181 709 1260 tenuissimus,
734 1181 958 1260 aurantiacus‚
976 1181 1089 1246 odoris
1112 1185 1146 1262 et
1169 1180 1298 1267 saporis
1310 1202 1437 1267 expers,

301 1288 358 1374 qui
376 1289 412 1352 in
430 1289 513 1353 tubo
532 1287 721 1366 calefactus,
735 1288 891 1352 sulfidum
903 1287 1080 1353 stibiosum
1091 1287 1226 1374 nigrum
1236 1287 1437 1373 relinquens,

301 1393 439 1460 sulfuris
452 1394 667 1459 sublimatum
678 1394 815 1481 praebet
826 1393 965 1459 flavum.
982 1393 1152 1458 Sultidum
1163 1393 1319 1459 stibicum
1331 1415 1438 1480 neque

301 1502 337 1566 in
359 1523 446 1588 aqua
469 1523 576 1586 neque
598 1502 634 1565 in
658 1501 779 1588 spiritu
801 1501 952 1566 solvitur.

344 1607 469 1673 Sulfidi
503 1607 615 1673 stibici
638 1607 909 1692 milligrammata
934 1610 997 1673 250
1021 1606 1183 1672 calefacta
1206 1608 1241 1671 in
1265 1607 1351 1672 acidi
1375 1609 1436 1692 hy-

299 1715 500 1780 drochtorici
522 1715 727 1779 centimetris
740 1715 865 1779 cubicis
886 1717 905 1779 5
918 1714 1104 1791 solvuntur,
1117 1712 1249 1779 acidum
1261 1713 1438 1798 hydrosul-

300 1820 444 1887 turicum
478 1821 666 1886 emittentia
689 1827 722 1886 et
746 1820 855 1885 sulfur
885 1820 1118 1906 relinquentia.
1165 1819 1295 1899 Quibus
1318 1820 1438 1885 solutis

299 1927 404 1993 acidis
426 1950 530 2014 aquae
554 1929 722 1993 volumine
745 1927 868 2013 triplici
892 1927 1017 2006 dilutis,
1041 1926 1190 1991 turbatio
1206 1927 1283 1990 alba
1294 1927 1436 2004 exsistit,

299 2056 393 2119 quae,
417 2035 542 2100 additis
568 2035 654 2100 acidi
676 2035 829 2100 tartariei
852 2033 1133 2119 milligrammatis
1157 2035 1231 2111 500,
1257 2033 1436 2098 evanescit.

345 2141 514 2208 Sulfidum
534 2143 689 2208 stibicum
709 2141 907 2208 calefactum
925 2141 962 2203 in
977 2139 1164 2204 ammoniae
1176 2139 1364 2226 quantitate
1376 2140 1436 2204 du-

301 2249 427 2315 centies
450 2254 546 2314 tanta
567 2249 639 2314 fere
662 2255 772 2314 totum
794 2247 946 2313 solvitur.

344 2355 468 2421 Sultidi
502 2355 613 2420 stibici
636 2353 914 2441 milligrammatis
940 2356 1003 2416 100
1026 2374 1192 2418 unacum
1214 2353 1301 2417 acidi
1324 2353 1436 2418 nitriei

299 2462 496 2527 centimetro
519 2462 635 2527 cubico
661 2465 677 2525 1
703 2462 783 2525 dum
806 2461 893 2525 sicca
915 2459 983 2525 sint
1007 2459 1206 2545 evaporatia
1220 2455 1336 2546 iisque,
1349 2481 1434 2546 quae

300 2575 507 2655 supererunt,
521 2569 606 2634 acidi
619 2567 865 2654 hydrochlorici
878 2567 1085 2631 eoneentrati
1097 2567 1303 2631 centimetris
1311 2566 1436 2632 cubicis

301 2678 322 2738 4
345 2676 468 2753 mixtis,
493 2675 613 2741 deinde
636 2675 784 2752 filtratis,
808 2675 918 2760 liquor
939 2673 988 2738 ita
1007 2679 1154 2761 paratus,
1168 2673 1284 2738 addito
1297 2674 1436 2739 chloreti

301 2783 453 2848 stannosi
483 2783 555 2868 pari
587 2781 765 2858 volumine,
790 2781 933 2868 speciem
956 2803 998 2844 ne
1021 2785 1128 2845 mutet
1150 2781 1240 2845 intra
1264 2782 1380 2846 horam
1406 2784 1435 2846 1.

345 2889 469 2954 Suliidi
492 2889 604 2955 stibici
626 2889 822 2974 grammatic
847 2891 863 2950 1
888 2909 964 2953 cum
975 2908 1081 2973 aquae
1093 2887 1299 2952 centimetris
1311 2887 1435 2952 cubicis

301 2996 342 3057 20
365 2995 578 3080 conquassati
599 2994 729 3060 filtrata
752 2993 902 3059 neutrius
925 2994 1103 3058 reactionis
1123 2994 1192 3058 sint
1214 3015 1298 3058 neve
1321 2994 1436 3059 addito

300 3101 424 3165 nitrate
447 3101 599 3186 berytieo
622 3102 737 3166 statim
756 3101 943 3178 turbentur,
958 3123 1042 3165 neve
1054 3100 1170 3165 addito
1183 3101 1306 3166 nitrate
1317 3123 1435 3188 argen-

301 3206 367 3273 tico
390 3208 504 3272 statim
524 3208 703 3273 turbentur
725 3229 809 3272 neve
832 3206 927 3272 fusca
950 3207 1032 3272 fiant
1055 3207 1288 3293 (typosulfitee,
1312 3208 1436 3293 aclfido

300 3313 476 3398 solubilia).

344 3421 443 3487 Acidi
464 3421 615 3486 tartarici
638 3421 738 3486 soluti
762 3425 795 3504 (1
812 3447 845 3480 =
860 3423 916 3504 20)
935 3420 1167 3485 centimetrum
1186 3421 1378 3486 cubicorum
1394 3424 1435 3484 10

300 3548 375 3592 cum
409 3527 533 3593 Sulfidi
564 3528 676 3594 stibici
705 3533 890 3612 grammate
925 3531 940 3590 1
973 3527 1271 3613 conquassatorum
1295 3527 1434 3606 filtrata,

299 3633 414 3699 addito
449 3634 544 3699 acido
579 3633 844 3719 hydrochlorico,
880 3655 940 3721 per
972 3634 1104 3699 acidum
1128 3632 1435 3718 hydrosulfuricum

300 3741 435 3804 omnino
458 3762 527 3806 non
549 3746 608 3806 aut
631 3744 763 3806 tantum
786 3740 905 3825 exigue
916 3741 1096 3805 turbentur
1107 3741 1217 3806 colore
1240 3739 1435 3806 flavorubro

301 3849 460 3933 (ocydam
482 3847 657 3931 atthicom).

348 3971 424 4034 Per
454 3971 613 4036 calcem
645 3971 787 4035 vivam
818 3971 1072 4036 servandus.

767 4263 969 4275 ..ψ’-
