3584 5026
1013 383 1023 418 t

879 484 941 548 170

340 687 455 764 pertes
489 677 616 742 divisae
651 698 723 743 esse
747 677 941 756 videantur3
977 682 1123 742 stomata
1146 697 1244 762 saepe
1267 675 1356 741 inter
1378 676 1475 741 binas

340 783 478 850 cellulas
501 783 715 870 epidermidis
738 785 893 850 minores.
919 785 982 849 Pili
1002 784 1101 849 limae
1112 785 1220 850 instar
1231 783 1473 862 unieelluleres,

341 891 543 977 pachytichi,
553 891 651 957 acuti.
665 890 828 957 Fasciculi
836 891 993 957 librarum
1001 891 1285 977 pachytieharum,
1299 892 1474 977 longarum

341 998 482 1084 vaginae
506 998 669 1063 maiorum
692 997 925 1064 fasciculorum
948 1020 1114 1077 vasorum,
1135 999 1235 1064 cincti
1254 1003 1362 1064 strato
1375 998 1473 1064 cellu-

341 1106 449 1170 larum
472 1127 490 1172 e
513 1105 681 1192 crystallis
701 1106 861 1184 brevium,
882 1107 1015 1194 singula
1038 1106 1197 1192 crystalla
1220 1106 1472 1171 continentium.

340 1213 429 1278 Vasa
467 1213 611 1298 spiralia,
647 1234 729 1278 vasa
762 1212 957 1280 scrobiculis
991 1214 1178 1300 duplicibus
1201 1212 1384 1278 rimelibus.
1431 1213 1471 1276 In

341 1320 600 1405 parenehymate
624 1320 723 1384 viridi
746 1321 894 1406 amylum
918 1321 1069 1386 multum.

385 1426 479 1491 Odor
518 1426 802 1506 subaromaticus3
846 1449 946 1513 sapor
987 1428 1080 1513 prius
1114 1426 1471 1512 mucilaginosodisscis,

340 1531 460 1597 deinde
484 1532 689 1612 subamarus,
714 1534 861 1600 subeeer.

385 1639 479 1704 Folia
502 1639 633 1705 Sennae
657 1663 699 1705 ne
724 1641 793 1705 sint
815 1641 904 1707 flava
926 1663 1009 1706 neve
1034 1639 1202 1707 subfusca.

385 1746 525 1812 Pulvere
559 1747 730 1812 Foliorum
762 1749 892 1814 Sennea
930 1770 1004 1814 cum
1022 1750 1299 1833 aquaconoocto,
1324 1744 1473 1831 quaeda

339 1851 477 1918 decocto
511 1859 693 1941 evaporato
728 1861 936 1942 superenmt
967 1855 1087 1922 calmis
1117 1854 1224 1940 gredu
1249 1854 1328 1917 100⁰
1351 1851 1473 1918 siccata

340 1961 481 2026 extracti
503 1967 616 2046 partes
638 1963 837 2028 centesimas
860 1985 928 2028 non
951 1963 1061 2028 minus
1083 1983 1183 2049 quam
1206 1963 1248 2026 35
1271 1960 1472 2045 relinquent.

384 2067 498 2132 Pulvis
521 2069 691 2134 Foliorum
715 2070 846 2135 Sennae
869 2070 1063 2136 combustus
1085 2069 1206 2135 cineris
1228 2072 1341 2154 partes
1363 2071 1473 2133 cente-

341 2173 442 2239 simas
466 2176 485 2241 6
509 2176 552 2240 ad
576 2179 596 2240 8
619 2177 796 2263 relinquet.

562 2581 612 2679 -Ι-
645 2584 800 2679 Folia
831 2582 1148 2680 stremonii.

386 2761 478 2826 Folia
504 2782 588 2846 quae
612 2759 680 2826 fert
703 2761 871 2825 Detura
894 2761 1196 2839 Stremonium,
1222 2761 1322 2826 LINN.
1349 2761 1406 2846 Sp.
1421 2759 1469 2825 Pl.

341 2868 413 2944 179,
434 2866 574 2933 collecta
592 2866 635 2932 ab
654 2867 758 2932 herba
780 2867 924 2945 florenti,
949 2889 1033 2954 quae
1045 2868 1079 2932 in
1092 2867 1201 2954 patrie
1211 2872 1329 2932 nostra
1340 2866 1470 2944 colitur,

339 2979 374 3039 et
395 2974 580 3059 prudenter
602 2973 734 3051 siccate,
759 2973 808 3038 ita
830 2979 870 3038 ut
892 2974 985 3039 color
1006 2973 1124 3039 viridis
1147 2979 1309 3039 servetur.

384 3133 514 3199 Folium
544 3135 694 3220 simplex,
727 3133 936 3219 petiolutum.
972 3133 1121 3200 Petiolus
1144 3134 1341 3201 centimetra
1363 3133 1406 3198 ad
1431 3136 1472 3198 10

338 3243 467 3326 longus,
501 3242 593 3307 sulco
623 3246 769 3328 angusto
798 3242 834 3306 in
865 3248 960 3327 parte
990 3241 1170 3328 superiore.
1202 3241 1340 3306 Lamina
1369 3239 1472 3306 centi-

338 3351 446 3411 metra
467 3347 510 3411 ad
535 3350 577 3412 20
600 3348 710 3434 longe,
736 3350 805 3415 lata
823 3349 1021 3415 centimetra
1042 3351 1093 3426 15,
1115 3346 1470 3434 ovatopinnatilobata,

338 3453 528 3518 eminentiis
550 3455 658 3521 acutis
682 3462 716 3522 et
740 3457 868 3521 sinibus
888 3455 1027 3534 obtusis,
1048 3455 1211 3533 arcuatis3
1231 3477 1317 3540 apex
1336 3458 1470 3532 eeutus3

338 3560 427 3625 besis
463 3561 583 3628 obtusa
613 3563 656 3628 ad
680 3568 878 3646 truncatam,
902 3563 938 3627 in
961 3568 1101 3648 utraque
1124 3566 1238 3628 costae
1260 3564 1355 3646 parte
1377 3560 1472 3625 nervi

339 3667 494 3732 laterales
528 3670 548 3733 3
583 3669 627 3735 ad
662 3675 693 3753 5,
728 3691 843 3736 omnes
876 3669 972 3734 nervi
1005 3669 1041 3733 in
1075 3673 1171 3755 parte
1194 3659 1352 3733 inferiore
1375 3666 1472 3731 valde

338 3774 532 3841 eminentes.
557 3777 727 3843 Foliorum
746 3777 913 3842 iuniorum
932 3776 1121 3862 superficies
1138 3775 1316 3862 subpilosa‚
1330 3774 1472 3839 maxime

338 3883 374 3946 in
403 3883 517 3948 nervis
546 3888 581 3949 et
611 3885 645 3948 in
676 3883 886 3969 mesophyllo
917 3883 1022 3969 pertis
1052 3882 1242 3968 superioris,
1279 3903 1339 3947 neo
1362 3880 1472 3946 minus

339 3990 375 4053 in
398 3991 513 4056 nervis
535 3991 641 4075 partis
663 3989 841 4069 inferioris,
866 3993 983 4077 postea
1006 3990 1132 4075 glabra.

385 4097 602 4184 Mieroseopie
632 4097 788 4184 pulveris.
829 4099 1055 4183 Parenchyma
1085 4097 1228 4162 multum
1251 4097 1362 4163 colore
1384 4096 1471 4162 clare

340 4204 440 4268 viridi
474 4205 608 4292 eiusque
638 4205 806 4292 reliquiae.
842 4204 1012 4292 crystalla
1042 4204 1304 4283 inmunerabilia‚
1328 4205 1471 4291 plerum·
