3544 5050
876 513 940 575 442

384 705 508 790 Liquor
542 704 818 784 subfuscoflavus‚
855 708 957 771 Asam
987 706 1148 772 foetidam
1183 706 1280 770 valde
1306 707 1470 771 redolens.

384 811 542 877 Tinctum
576 815 663 878 Asse
696 812 843 878 foetidae
876 835 962 899 aque
1001 814 1116 892 diluta,
1156 815 1265 900 liquor
1292 813 1471 879 admodum

338 920 465 984 lacteus
487 920 628 985 exsistit.

385 1025 517 1091 Pondus
552 1027 740 1112 specificum
771 1030 870 1105 0‚850
894 1027 937 1092 ed
960 1030 1069 1105 0,859.
1106 1029 1265 1093 'linctum
1289 1033 1471 1114 evaporata

337 1155 404 1197 non
428 1133 538 1198 minus
561 1155 659 1218 quem
684 1141 796 1220 portes
819 1135 1018 1200 centesimas
1042 1138 1095 1212 3‚5
1118 1135 1294 1221 relinquat.

493 1479 543 1576 ÷
577 1483 828 1577 Tinctum
861 1483 1232 1577 incautiorem.

383 1660 575 1726 Parandne

434 1773 570 1824 corticis
607 1773 747 1825 metus
787 1773 940 1824 Aurantii
973 1769 1012 1825 in
1053 1769 1252 1845 pulverem
1297 1768 1391 1846 (Ans)

474 1864 630 1923 redacti
651 1865 835 1941 partibus
857 1867 1006 1942 viginti
1019 1911 1385 1926 ..........
1434 1865 1472 1924 20

336 1951 370 2009 6ss
433 2039 576 2103 Spiritus
595 2040 694 2090 diluti
714 2035 899 2112 partibus
924 2040 1077 2091 centum
1098 2079 1385 2094 ........
1414 2035 1472 2092 100

380 2131 505 2217 Liquor
528 2131 742 2212 iuscoflavus,
767 2132 879 2197 odoris
904 2133 1086 2197 aromatici.

379 2239 558 2303 Tincturee
581 2240 821 2305 Aurantiorum
841 2240 1047 2304 centimetris
1063 2239 1188 2305 cubicis
1206 2243 1313 2304 5cum
1324 2239 1470 2304 aetheris

334 2345 473 2430 petrolei
489 2347 693 2410 centimetn's
708 2346 833 2410 cubicis
851 2349 892 2410 10
904 2347 1143 2431 conquassatis,
1157 2368 1242 2425 cum,
1256 2344 1347 2410 nullo
1360 2345 1469 2410 calore

333 2450 494 2530 adhibito,
519 2455 635 2518 aether
657 2460 857 2539 evaporatus
881 2455 954 2532 erit,
979 2475 1063 2539 quae
1085 2454 1201 2519 relicta
1225 2459 1332 2532 erunt,
1357 2453 1468 2517 cleosa

333 2559 401 2623 sint
425 2566 458 2624 et
483 2558 649 2624 Corticem
673 2559 815 2625 Fructus
839 2561 993 2625 Aurantii
1017 2560 1113 2624 valde
1135 2561 1318 2628 redoleant.

379 2665 513 2729 Pondus
548 2666 736 2751 specificam
771 2669 869 2744 0,910
904 2667 946 2730 ad
970 2670 1079 2746 0,915.
1104 2668 1263 2733 Tinctum
1287 2673 1468 2752 evaporata

334 2793 401 2835 non
425 2772 535 2836 minus
557 2793 657 2857 quam
681 2777 794 2858 partes
817 2774 1014 2838 centesimas
1038 2776 1092 2852 4,5
1115 2775 1291 2859 relinquat.

434 3116 485 3213 ÷
518 3119 769 3214 Tinctum
804 3122 1166 3216 Beiiadonnae.
1202 3121 1242 3216 f.
1275 3121 1300 3214 Ι.

674 3280 916 3350 Belladonnae
939 3281 1124 3349 Tinctum.

380 3385 574 3450 Parendac

432 3499 530 3550 Foliis
556 3499 771 3553 Belladonnas
805 3495 844 3552 in
872 3494 1073 3571 pulverem
1101 3493 1180 3571 (13³0)
1212 3492 1388 3551 redactis

334 3611 400 3676 quo
423 3590 523 3655 modo
545 3590 724 3656 'lincturae
748 3592 882 3656 Aconiti
905 3591 1147 3677 praescriptum
1171 3594 1231 3654 est.

379 3698 504 3784 Liquor
525 3696 750 3763 fuscoviridis

378 3805 435 3882 Iis,
460 3826 544 3891 quae
568 3805 609 3869 de
632 3805 811 3870 Tincturae
835 3805 1060 3870 Belledonnae
1083 3803 1288 3868 centimetris
1308 3800 1464 3866 cubicis5

335 3911 525 3998 evaporetis
548 3912 665 3976 relicta
688 3917 795 3988 erunt,
820 3911 907 3975 acidi
925 3910 1173 3996 hydrochlorici
1196 3909 1294 3973 diluti
1316 3907 1422 3992 guttis
1445 3908 1464 3969 2

333 4025 366 4083 ct
399 4040 504 4103 aquae
539 4018 743 4082 centimetris
778 4017 903 4082 cubicis
939 4021 958 4080 2
986 4017 1110 4094 mixtis,
1146 4037 1229 4100 quac
1264 4015 1305 4079 de
1332 4013 1465 4078 filtratis

332 4125 521 4211 evaporatis
544 4129 751 4210 supererunt,
772 4145 838 4189 une
858 4146 933 4189 cum
952 4124 1039 4190 acidi
1058 4123 1299 4188 nitrosonitrici
1322 4121 1428 4207 guttis
1444 4123 1465 4182 3

331 4233 367 4295 in
396 4231 515 4295 balneo
545 4251 650 4316 aquae
673 4231 833 4296 calefacto
856 4230 936 4295 dum
960 4250 1100 4317 vapores
1124 4229 1209 4294 acidi
1232 4249 1299 4293 non
1323 4227 1465 4312 emplius
