3544 5050
871 499 935 562 439

334 693 513 760 Tincturae
553 694 703 760 Aestatis
736 692 851 758 ferrici
885 695 1059 759 aethereae
1089 694 1285 780 grammatic
1318 698 1348 771 5,
1384 694 1471 761 acidi

334 801 580 886 hydrochlorici
600 801 805 867 centimetris
829 801 953 866 cubicis
968 804 997 878 2,
1009 823 1114 887 aquae
1126 802 1332 868 centimetris
1345 803 1470 868 cubicis

336 911 377 973 23
401 909 590 974 commixtis
613 908 698 972 adde
720 907 825 974 iodeti
847 908 950 973 kalici
968 913 1156 994 grammata
1180 911 1199 972 2
1220 914 1342 996 etpost
1354 910 1471 975 horam

337 1019 354 1078 l
378 1015 459 1080 titre
488 1037 548 1101 per
577 1014 809 1080 thiosulfatem
832 1015 997 1080 natricum
1016 1014 1280 1094 decinormalom,
1305 1015 1409 1094 cuins,
1433 1021 1471 1081 ut

335 1123 441 1188 mixta
463 1121 705 1200 decolorentur,
730 1123 927 1187 centimetra
949 1123 1065 1188 cubica
1079 1145 1147 1188 non
1159 1125 1381 1209 minusquam
1394 1126 1470 1202 33,2

333 1229 557 1314 requirantur.

435 1557 485 1654 ÷
519 1561 769 1654 tinctura
801 1561 953 1654 acida
986 1559 1285 1654 aromatica.

381 1737 572 1802 Parandae

431 1850 566 1903 (torticia
590 1850 793 1903 nmmum
832 1843 872 1901 in
899 1844 1103 1920 pulverem
1130 1843 1210 1922 (Bw)
1238 1842 1393 1902 redacti

472 1943 658 2020 partibus
685 1943 859 2020 quinque
896 1986 1385 2002 .............
1454 1943 1472 1999 5

433 2046 636 2099 Rhizcmstts
652 2046 833 2112 zingiberis
867 2041 908 2097 in
925 2040 1125 2117 pulverem
1142 2039 1221 2118 (Bm)
1239 2039 1394 2098 redacti

472 2139 658 2216 partibus
685 2139 859 2216 quinque
896 2182 1385 2197 .............
1454 2137 1471 2193 5

334 2235 448 2302 mixtis
469 2235 679 2322 refrigeratis

431 2351 574 2415 Spiritu·
593 2349 692 2401 diluti
712 2343 899 2420 partibus
920 2342 1141 2418 nonaginta
1177 2387 1385 2402 ......
1433 2341 1472 2400 90

335 2447 370 2506 et

431 2554 523 2606 Acidi
543 2553 694 2606 sulfnrtol
721 2548 906 2625 partibus
928 2547 1055 2606 decem
1096 2591 1384 2606 ........
1434 2547 1471 2604 10

379 2645 502 2732 Liquor
525 2645 731 2723 fuscoruber,
756 2647 885 2732 saporis
908 2645 1006 2726 acidi,
1029 2645 1213 2710 aromatici.

380 2753 514 2819 Pondus
536 2753 726 2840 specificum
749 2756 848 2833 0‚943
872 2753 914 2818 ad
938 2756 1047 2833 0,952.

798 2953 1002 2967 m

513 3108 563 3205 -Ι-
597 3111 849 3205 tinctura
881 3109 1097 3204 aconiti.
1132 3109 1172 3203 f.
1196 3109 1221 3202 Ι.

724 3289 869 3357 Aeanti!
892 3287 1079 3356 Tinctum.

380 3394 532 3460 Medeiac

431 3509 594 3560 ruborum
617 3507 745 3561 Aconttt
771 3503 811 3560 in
828 3503 1027 3579 pulverem
1044 3501 1123 3580 (13³0)
1141 3497 1389 3558 redactorum

472 3607 607 3677 partes
638 3600 766 3658 decem
773 3643 1381 3660 ................
1432 3595 1469 3654 10

431 3705 573 3768 Spiritus
593 3705 691 3756 diluti
712 3700 898 3776 partibus
918 3705 1109 3774 quattuor
1136 3739 1383 3757 .......
1450 3695 1468 3750 4

380 3795 487 3861 Mixta
520 3796 699 3882 diligenter
731 3796 852 3884 depsta
883 3798 919 3862 in
954 3819 1034 3862 vase
1063 3797 1176 3862 clauso
1210 3815 1270 3880 per
1300 3794 1400 3856 horas
1426 3793 1466 3854 12

335 3923 473 3968 macera.
520 3904 666 3969 Massam
696 3904 731 3968 in
754 3903 993 3990 percolatorem
1015 3903 1187 3968 inmissam
1213 3901 1334 3966 leniter
1353 3918 1467 3984 preme

335 4014 368 4074 et
402 4011 540 4095 spiritus
570 4011 668 4075 diluti
698 4015 793 4076 tanta
826 4011 1013 4097 quantitate
1043 4008 1256 4096 superfundo,
1280 4011 1328 4082 ut,
1353 4003 1467 4067 mixtis

333 4115 442 4181 adhuc
464 4116 602 4202 liquoris
626 4123 733 4183 strato
755 4118 849 4182 tenui
871 4118 1006 4203 opertis,
1026 4117 1135 4202 liquor
1149 4115 1295 4179 defluere
1318 4109 1466 4194 incipiat.

336 4221 579 4289 Peroolatorem
601 4225 748 4289 clausum
772 4246 832 4310 por
854 4225 954 4288 horas
979 4227 1021 4287 24
1044 4244 1176 4308 sepone.
