3530 5026
855 484 897 547 911

308 682 344 745 in
378 702 463 766 quae
497 679 612 756 mixta,
648 699 723 743 cum
757 678 900 762 primum
936 676 978 742 ad
1013 677 1132 742 caloris
1166 676 1307 762 gradum
1350 679 1438 741 20⁰¹¹¹

307 785 508 871 refrigerata
531 788 638 862 erunt,
663 783 824 869 paulatim
846 784 979 849 inmitte

407 891 870 962 omypuuepurausiccati
891 897 1027 968 partes
1047 890 1342 968 quinquaginta

448 991 620 1067 quinque
646 1033 1335 1048 ..................
1402 989 1440 1046 55

354 1114 461 1179 Mixta
493 1115 529 1179 in
552 1135 631 1178 vase
655 1113 777 1191 clauso,
801 1111 993 1199 frequenter
1015 1112 1166 1198 depsens,
1191 1112 1311 1178 caloris
1333 1112 1439 1198 gradu

310 1221 380 1286 fere
415 1222 482 1298 20⁰,
517 1225 586 1286 tam
620 1220 678 1284 diu
713 1241 844 1304 sepone,
881 1224 919 1285 ut
943 1242 1045 1305 parva
1078 1221 1248 1306 quantitas
1278 1220 1438 1306 gossypii,

309 1329 401 1414 prius
442 1349 536 1413 aqua,
584 1326 703 1391 deinde
736 1327 886 1392 alcohole
920 1327 1074 1393 absoluto
1109 1327 1200 1406 eluti,
1235 1327 1272 1392 iu
1306 1327 1440 1394 aethere

311 1435 430 1513 soluta,
455 1434 616 1519 liquorem
639 1433 765 1499 clarum
787 1434 956 1519 praebeat.

356 1541 485 1605 Deinde
497 1540 907 1626 gossypiuminmagnam
919 1562 1022 1628 aquae
1034 1539 1440 1628 quantitateminmissum

310 1671 397 1734 equa
419 1647 612 1733 frequenter
634 1652 803 1726 renovata,
829 1649 901 1713 elue
923 1648 1002 1712 dum
1026 1648 1121 1714 acido
1135 1647 1330 1713 adhaerenti
1342 1647 1439 1732 plane

309 1755 487 1820 liberatum
510 1755 564 1820 sit.
590 1754 747 1840 Exprime
770 1759 804 1819 at
827 1755 947 1821 caloris
969 1755 1076 1841 gradu
1095 1776 1164 1820 non
1183 1755 1439 1841 plusquam40⁰

310 1861 406 1930 sicca

356 1986 452 2050 Adde

408 2099 515 2151 Lanu
547 2097 680 2150 munda
708 2093 769 2151 ita
795 2099 962 2170 paratae
992 2093 1177 2170 partibus
1208 2093 1341 2152 tribus
1367 2138 1375 2153 .
1422 2093 1439 2150 3

408 2197 550 2262 Spiritus
574 2197 713 2268 partes
740 2189 1011 2267 septendecim
1045 2235 1374 2252 .........
1403 2189 1438 2249 17

311 2293 345 2354 et

407 2401 557 2454 Aetheria
587 2400 723 2472 partes
754 2395 963 2470 octoginta
1006 2439 1374 2456 ..........
1402 2392 1440 2451 80

352 2511 501 2578 Subinde
524 2511 659 2576 fortiter
680 2531 905 2596 conquassans
928 2532 1051 2596 sepone
1070 2532 1129 2597 per
1141 2512 1240 2576 horas
1253 2513 1304 2589 24,
1318 2509 1437 2575 deinde

308 2620 469 2706 liquorem
492 2640 594 2704 supra
617 2618 764 2703 positum
786 2618 912 2685 clarum
934 2617 1090 2684 defunde.

351 2725 476 2813 Liquor
497 2725 619 2792 coloris
643 2746 770 2810 expers,
794 2724 912 2801 clarus,
937 2725 1073 2809 spissus,
1098 2726 1233 2790 aethera
1255 2723 1434 2789 admodum

307 2832 468 2910 redolens,
498 2832 564 2918 qui,
595 2833 631 2896 in
658 2836 801 2897 stratum
824 2835 925 2896 tenue
949 2836 1113 2910 extentus,
1136 2853 1211 2898 aum
1234 2834 1435 2916 evaporatus

306 2943 367 3017 est,
403 2939 629 3004 membranam
651 2939 789 3015 firmam,
814 2938 1026 3024 perlucidam,
1050 2938 1170 3004 coloris
1194 2943 1363 3023 expertem
1385 2959 1436 3002 re·

305 3047 437 3132 linquit.
462 3045 554 3126 Quae
577 3046 769 3110 membrana
791 3047 942 3111 chartam
965 3044 1222 3130 exploratoriam
1241 3045 1434 3122 caeruleam,

306 3152 527 3219 madefactam
550 3153 609 3218 vix
631 3151 767 3217 rubram
789 3152 919 3217 reddat.

352 3261 466 3346 Aquae
499 3261 733 3327 centimetrum
766 3259 957 3326 cubicorum
993 3263 1043 3338 10,
1073 3281 1148 3325 cum
1168 3258 1312 3326 Collodii
1334 3259 1436 3325 centi-

308 3367 425 3433 metris
458 3367 582 3434 cubicis
617 3371 636 3432 5
669 3371 976 3453 conquassatcrum,
1010 3367 1212 3431 filtratorum
1241 3365 1436 3431 centimetra

306 3473 421 3539 cubica
431 3476 459 3552 2,
473 3474 613 3539 chloreti
625 3473 858 3560 hydrargyrici
869 3472 976 3560 guttis
989 3475 1008 3538 6
1022 3478 1057 3538 et
1068 3495 1171 3560 aquae
1183 3472 1322 3558 barytae
1333 3471 1436 3538 centi-

305 3580 420 3646 metris
454 3580 578 3648 cubicis
613 3583 631 3646 6
667 3581 781 3658 mixta,
813 3580 1067 3666 praecipitatum
1100 3579 1225 3645 flavum
1248 3580 1433 3666 deponant:

308 3689 426 3752 horum
450 3688 631 3752 mixtorum
654 3689 788 3765 filtrata,
812 3686 1380 3773 additosulfohydrateammonico,
1394 3707 1435 3749 ne

306 3793 416 3860 calore
439 3794 572 3880 quidem
595 3794 756 3873 adhibit0,
781 3793 923 3879 speciem
946 3798 1087 3859 mutent.

351 3899 539 3967 Collodinm
562 3907 778 3986 evaporatum
801 3907 914 3987 partes
937 3899 1435 3985 centesimasfere3rclinquat.
