3582 5034
844 493 908 556 ³23

564 682 614 780 ·l·
649 686 814 779 Radix
860 686 1096 807 lalapae.

352 865 492 930 Radices
527 864 732 949 napiformes
765 885 848 949 quas
883 863 1019 950 praebet
1054 864 1255 950 Ipomoea
1290 866 1370 930 Pur
1378 887 1437 950 ga,

310 973 446 1049 ΗΑΥΝΕ,
471 971 677 1056 Araneigew.
703 970 781 1034 XII.
806 975 845 1034 tt.
872 973 924 1049 33,
951 972 1002 1035 34.

351 1116 547 1199 Plerumque
570 1135 700 1180 crassae
723 1112 921 1179 centimetra
944 1117 964 1178 3
987 1113 1030 1177 ad
1054 1115 1084 1190 4,
1117 1113 1228 1192 durae,
1253 1113 1289 1178 in
1313 1116 1381 1179 sale
1405 1115 1439 1178 in

305 1244 390 1308 aqua
413 1222 523 1287 soluto
547 1221 704 1308 ponderis
720 1221 864 1305 specifici
878 1223 931 1299 l,2
947 1222 1208 1306 submergimtur
1217 1241 1225 1300 ;
1238 1220 1438 1307 piriformes,

306 1330 468 1414 oblongae
491 1329 544 1393 vel
567 1350 672 1413 paene
695 1329 863 1413 globosae,
890 1328 1050 1414 integrae,
1064 1328 1187 1393 incisae
1200 1328 1438 1395 veldisaectae.

305 1435 502 1521 Superficies
555 1435 629 1520 plus
675 1435 828 1498 minusve
873 1456 1007 1519 rugosa,
1053 1435 1228 1500 lenticellis
1274 1437 1437 1521 oblongis,

195 1577 197 1581 ·
307 1543 522 1626 transversis;
557 1542 650 1607 color
684 1541 854 1619 obscurus,
884 1541 1056 1607 ecinereo
1079 1542 1201 1620 fuscae,
1226 1543 1315 1608 inter
1336 1565 1438 1628 rugas

305 1649 501 1734 praesertim
535 1650 736 1734 nigrescens.
784 1647 881 1712 Intus
916 1648 1042 1712 solidae
1073 1649 1127 1713 vel
1157 1648 1301 1728 bactae3
1326 1651 1438 1734 amylo

306 1777 374 1821 non
408 1756 537 1821 tumido
572 1777 590 1819 e
624 1756 735 1840 griseo
769 1755 864 1822 albae
899 1761 933 1820 et
967 1754 1116 1838 fractura
1148 1755 1361 1834 farinulenta,
1386 1758 1439 1822 vel
1470 1775 1476 1784 '

306 1863 416 1948 amylo
459 1863 587 1927 tumido
629 1861 854 1948 griseofuscae
896 1868 930 1927 et
971 1862 1119 1927 fractura
1159 1884 1295 1942 cornea3
1339 1886 1437 1948 saepe

305 1970 339 2033 in
362 1969 477 2034 eadem
500 1969 611 2034 radice
633 1970 700 2035 duo
723 1991 846 2055 genera
869 1969 969 2034 simul
987 1969 1119 2035 adsunt.
1168 1969 1320 2034 Stratum
1344 1975 1439 2034 extra

304 2076 469 2143 cambium
502 2077 698 2162 primarium
728 2097 876 2141 crassum
908 2077 1091 2141 millimetri
1114 2076 1286 2141 dimidiam
1309 2081 1439 2162 partem

303 2183 345 2247 ad
380 2183 570 2248 millimetra
606 2187 634 2261 2,
671 2184 848 2248 obscurum
880 2205 939 2268 per
962 2183 1085 2248 multas
1108 2183 1243 2249 cellulas
1266 2183 1437 2261 waiferus,

302 2311 387 2374 quaa
410 2311 470 2374 per
493 2288 748 2373 microscopium
762 2289 926 2373 spectanti
937 2294 976 2353 ut
987 2293 1112 2374 puncta
1124 2310 1228 2374 parva
1239 2290 1438 2375 conspicuae

304 2402 391 2461 sunt.
438 2397 480 2460 In
510 2395 679 2481 xylemate
701 2395 907 2474 secundario,
931 2417 1016 2481 quae
1040 2401 1091 2460 est
1114 2416 1224 2460 massa
1246 2396 1439 2481 principalis

302 2502 432 2580 radicis,
458 2503 563 2567 multa
584 2503 715 2568 cambia
737 2502 941 2580 secundaria,
954 2524 1096 2588 quorum
1108 2503 1251 2589 vestigia
1262 2503 1438 2588 praecipue

303 2611 460 2696 cognosci
500 2615 641 2694 possunt
683 2632 700 2674 e
742 2609 869 2674 cellulis
910 2607 1072 2687 suciferis,
1115 2630 1199 2694 quae
1245 2610 1281 2673 in
1322 2610 1438 2675 stratis

304 2715 501 2800 phloematis
535 2715 660 2780 effectis
694 2715 826 2781 adsunt.
863 2717 955 2782 Haec
985 2716 1115 2782 cambia
1137 2716 1172 2778 in
1194 2715 1305 2780 radice
1328 2721 1437 2780 trans-

303 2843 398 2886 verse
432 2827 581 2906 persecta
615 2823 681 2886 alia
714 2822 811 2887 orbes
846 2822 961 2907 magni
996 2821 1160 2900 videntur,
1185 2822 1260 2907 plus
1284 2823 1436 2888 minusve

303 2929 481 3014 regulares,
505 2928 635 2995 cambio
659 2929 816 3013 primario
840 2929 1049 3007 concentrici,
1066 2929 1132 2993 alia
1143 2929 1282 2994 orbiculi
1294 2928 1436 3014 dispersi

302 3037 359 3120 qui
381 3037 417 3099 in
439 3036 619 3120 xylematis
634 3041 728 3121 parte
741 3042 890 3100 extrema
901 3057 1032 3121 quoque
1044 3036 1172 3101 arcuati
1184 3041 1218 3100 et
1229 3037 1435 3102 extrinsecus

302 3142 409 3228 aperti
432 3149 520 3220 sunt,
545 3143 611 3207 alia
632 3143 740 3206 lineae
763 3143 944 3207 enormiter
966 3143 1081 3206 flexae.
1106 3143 1189 3206 Inde
1212 3142 1309 3207 radix
1330 3148 1435 3208 trans-

304 3271 397 3314 verse
420 3255 570 3334 persccta
594 3249 749 3314 tuberum
772 3249 911 3314 aliorum
935 3251 1000 3314 alio
1025 3250 1123 3314 modo
1147 3254 1350 3315 marmorata
1374 3257 1434 3316 est.

348 3357 566 3442 Microscopia
588 3357 744 3442 pulveris.
777 3357 890 3442 Amyli
912 3358 1131 3443 permultum
1156 3358 1311 3442 pleraque
1331 3379 1436 3440 grana

302 3462 474 3549 simplicia,
499 3463 570 3527 fere
593 3464 741 3548 globosa,
766 3463 882 3529 crebra
905 3465 1032 3528 maiora
1054 3463 1218 3529 diametro
1242 3463 1312 3528 fere
1336 3467 1379 3528 30
1391 3489 1434 3549 μ;

302 3571 439 3635 nucleus
472 3571 629 3636 centralis
665 3572 717 3635 vel
752 3576 847 3636 extra
880 3577 1031 3636 centrum
1065 3571 1195 3656 positus
1219 3571 1300 3658 (Vs),
1336 3591 1434 3656 saepe

302 3675 501 3761 conspicuus
522 3677 608 3741 rima
630 3698 706 3742 aare
727 3677 880 3761 impleta;
906 3681 1012 3742 strata
1035 3699 1133 3762 saepe
1155 3676 1335 3740 admodum
1357 3698 1435 3742 con-

302 3781 431 3866 spicua3
456 3804 561 3868 grana
583 3804 713 3868 quoque
737 3784 930 3868 composita,
954 3783 1120 3868 permulta
1131 3782 1316 3868 diadelphs‚
1330 3783 1435 3846 multa

304 3887 499 3974 triadelpha‚
524 3911 631 3975 pauca
643 3889 869 3975 tetradelpha;
889 3895 1036 3954 ceterum
1048 3889 1151 3975 amyli
1162 3911 1266 3975 grana
1279 3889 1434 3954 omnibus

303 3995 462 4079 gradibus
496 3995 679 4061 tumefacta
710 4017 782 4060 esse
811 4002 963 4081 possunt.
1010 3997 1109 4061 Multi
1142 3996 1271 4082 globuli
1300 3995 1435 4060 suciferi

303 4099 465 4168 diametro
491 4105 555 4168 100
574 4107 646 4179 aet
657 4103 785 4168 minore
795 4122 803 4182 ;
827 4103 862 4166 in
874 4102 1041 4168 solutione
1053 4104 1252 4169 iodiidiluta
1263 4102 1342 4166 flavi
1355 4106 1434 4164 sunt

304 4212 337 4269 et
371 4207 507 4274 emulsis
530 4213 696 4276 constant.
721 4207 867 4275 Gallulae
890 4210 1200 4296 perenchymatioae
1223 4206 1433 4293 leptotiohae,
