3544 5050
870 522 934 585 416

339 713 390 812 1-
423 714 586 811 suras
615 716 1095 809 tatius-aluminisus
1129 717 1420 811 exsiccatus.

747 895 901 962 Alumen
924 895 1059 962 ustum.

381 1035 515 1102 Calface

433 1149 569 1201 sumtis
589 1149 877 1200 haliae-alumini&
898 1150 1033 1220 partes
1054 1150 1207 1200 centum
1215 1187 1383 1202 .....
1412 1143 1468 1200 100

334 1241 455 1307 caloris
478 1241 585 1326 gradu
608 1263 676 1305 non
699 1241 896 1326 plusquam
922 1243 1010 1318 180⁰,
1034 1240 1113 1304 dum
1137 1241 1306 1327 supersint

433 1355 567 1425 partes
588 1349 801 1422 sexaginta
813 1391 1382 1408 ...............
1429 1348 1467 1404 60

379 1446 494 1510 Pulvis
527 1445 632 1523 albus,
666 1445 761 1524 levis,
797 1447 925 1531 saporis
948 1445 1199 1532 adstringentis,
1223 1447 1338 1532 quiin
1361 1467 1465 1532 aquae

332 1553 458 1617 ualidae
488 1552 640 1638 partibus
665 1555 706 1617 20
731 1553 819 1617 lente
842 1553 985 1618 solvitur
1006 1554 1042 1617 in
1064 1553 1226 1639 liquorem
1249 1554 1386 1634 clarum,
1408 1553 1465 1638 qui

332 1660 483 1725 chartam
505 1659 765 1744 exploratoriam
789 1659 974 1724 uaenileam
996 1661 1132 1724 rubram
1153 1660 1275 1726 reddit.

379 1765 493 1830 Sulfas
536 1765 859 1831 kalico·aluminicus
900 1767 1086 1832 exsiccatus
1119 1767 1155 1830 in
1189 1788 1276 1852 aqua
1309 1770 1342 1852 (1
1355 1792 1389 1826 ;
1407 1768 1466 1850 40)

333 1871 463 1937 solutus
496 1871 602 1936 isdem
637 1873 815 1957 postulatis
839 1873 1036 1952 satisfaciat,
1059 1872 1180 1958 quibus
1204 1871 1318 1937 Sulfas
1340 1872 1465 1937 kalioo·

333 1979 531 2044 aluminiens
552 1979 588 2043 in
611 2000 698 2065 aqua
719 1982 882 2064 (1:20)
905 1981 1043 2045 solutus.

377 2084 490 2150 Sulfas
532 2085 857 2151 kalico-aluminiaus
886 2087 1071 2151 exsiccatus
1100 2087 1220 2150 leniter
1250 2085 1465 2151 candefactus

331 2214 436 2277 aquae
459 2195 571 2276 partes
595 2194 794 2258 centesimas
816 2214 860 2257 ne
883 2193 958 2278 plus
980 2214 1080 2279 quam
1107 2196 1147 2258 10
1171 2194 1314 2258 amittat.

378 2316 454 2382 Per
489 2315 650 2382 calcem
685 2317 829 2386 vivam
863 2317 1119 2383 servandus.

797 2597 1001 2608 -—

682 2850 859 2947 sanas
894 2853 1110 2947 tatinus.

831 3031 961 3118 nse.

376 3172 545 3258 Crystalla
568 3173 620 3238 vel
644 3179 776 3239 cunetas
799 3173 1021 3258 crystallinas,
1041 3172 1461 3258 colorisexperteaduraa

330 3281 508 3345 rhombeae
534 3279 592 3345 vsl-
609 3281 719 3365 pulvis
743 3303 785 3345 ex
801 3281 843 3345 iis
863 3285 1009 3365 paratus.
1034 3277 1147 3344 Salias
1171 3280 1462 3363 kalicusinaquas

331 3388 482 3472 pentibus
506 3390 559 3464 9,8
583 3387 733 3465 solvitur,
757 3388 793 3451 in
817 3388 939 3472 spiritu
963 3408 1030 3451 non
1052 3386 1206 3451 solvitur.

375 3492 518 3560 Suliatis
541 3493 641 3558 kaliei
664 3515 814 3578 gramma
840 3498 856 3557 1
881 3494 917 3556 in
940 3514 1043 3578 aquae
1063 3492 1268 3558 centimetris
1283 3491 1407 3556 cubicis
1419 3492 1461 3560 20

330 3601 487 3680 solutum,
511 3601 626 3665 addito
649 3599 736 3665 acidi
758 3599 911 3664 tartariei
933 3605 1117 3684 grammate
1143 3604 1159 3662 1
1184 3600 1219 3662 in
1239 3619 1343 3684 aquae
1360 3597 1461 3662 centi-

329 3707 445 3772 metris
468 3708 592 3772 cubicis
617 3711 636 3771 5
660 3707 780 3784 soluto,
806 3706 1059 3791 praecipitatum
1086 3706 1206 3783 album,
1230 3704 1462 3790 crystallinum

329 3813 484 3899 deponit;
509 3814 618 3899 liquor
641 3813 758 3890 elanus,
784 3811 860 3877 inde
877 3811 1024 3890 dsfusns,
1037 3811 1460 3896 additonitratsbnrytico,

330 3921 584 4006 praecipitatum
617 3918 729 3984 album
753 3919 899 4004 deponit,
923 3919 1013 4005 quod
1035 3920 1070 3983 in
1094 3918 1189 3984 acido
1211 3919 1333 3984 nitrieo
1355 3917 1462 3982 diluto

330 4049 397 4092 non
421 4027 573 4092 solvitur.

374 4132 488 4197 Sulias
523 4133 652 4197 kalicus
685 4132 721 4195 in
751 4153 837 4218 aqua
860 4135 893 4217 (1
913 4159 946 4191 =
965 4135 1022 4216 20)
1043 4132 1174 4201 solutus
1198 4133 1316 4208 clarus,
1340 4131 1461 4196 coloris

328 4261 455 4324 expers,
491 4241 642 4304 neutrius
671 4240 850 4304 renationis
873 4239 934 4318 sit;
965 4262 1007 4303 na
1030 4239 1146 4303 addito
1168 4238 1263 4303 asido
1286 4238 1462 4324 hydrosul·
