3584 5026
885 545 949 606 249

344 737 538 816 reactionis;
563 737 678 802 addito
701 737 796 803 acido
817 738 1080 823 hydrochlcrica
1094 739 1349 824 praecipitatum
1368 739 1480 803 album

344 843 491 928 deponit,
515 843 606 928 quod
617 843 732 908 addita
745 845 931 910 ammoniae
943 845 1131 930 quantitate
1140 845 1314 911 excedenti
1327 847 1478 912 solvitur.

390 949 534 1016 Nitratis
557 952 718 1036 argentici
737 952 1008 1036 milligrammata
1036 954 1100 1016 200
1119 952 1155 1016 in
1174 953 1360 1017 ammoniae
1378 953 1481 1018 centi-

343 1061 450 1121 metro
473 1057 589 1123 cubico
615 1061 632 1120 1
658 1057 768 1122 soluta
791 1058 912 1122 coloris
935 1059 1095 1143 expertia,
1120 1058 1210 1123 clara
1234 1058 1311 1124 sint.

390 1162 535 1228 Nitratie
569 1164 730 1249 argentici
765 1165 1037 1250 milligrammata
1073 1167 1146 1243 200,
1180 1166 1214 1228 in
1238 1187 1343 1251 cquae
1376 1167 1480 1231 centi-

346 1270 461 1334 metrie
494 1271 618 1344 cubicis
649 1274 691 1335 10
722 1271 832 1336 soluta
863 1277 897 1337 et
923 1293 983 1357 per
1005 1270 1091 1337 acidi
1114 1271 1359 1357 hydrochlorici
1382 1273 1480 1336 diluti

346 1377 533 1441 centimetri
556 1377 663 1442 cubici
682 1378 853 1442 dimidiam
866 1383 995 1463 partem
1007 1381 1091 1463 (0,5)
1103 1379 1331 1464 praecipitata,
1345 1381 1434 1444 eluta
1446 1385 1480 1444 et

347 1482 476 1560 siccata,
501 1483 808 1568 milligrammatum
835 1487 897 1550 168
921 1485 1006 1564 eint3
1031 1507 1115 1570 quac
1139 1485 1180 1550 de
1202 1486 1337 1551 filtratis
1360 1507 1480 1571 evapo-

346 1589 428 1652 ratie
450 1597 657 1675 supererunt,
682 1591 860 1676 ponderari
882 1598 1059 1677 nequeant.

463 1741 576 1800 Doses
597 1744 777 1802 maximae
798 1744 955 1820 singulae
977 1744 1310 1820 milligrammatum
1331 1745 1381 1807 20.

463 1839 576 1900 Doses
599 1842 776 1900 maximae
798 1843 836 1901 in
858 1843 965 1902 horas
986 1842 1131 1902 vicenas
1153 1846 1341 1916 quaternas

503 1937 836 2014 milligrammatum
858 1941 929 2002 100.

815 2139 1017 2150 .--..-.....

444 2345 632 2440 ditias
665 2349 998 2466 argentinus
1033 2349 1081 2441 in
1118 2349 1374 2442 flacillis.

741 2527 848 2610 Lapis
871 2525 1077 2593 infernalis.

390 2662 505 2729 Nitras
528 2667 719 2750 argenticus
742 2667 952 2752 liquefactus,
977 2667 1097 2732 deinde
1121 2669 1157 2732 in
1180 2668 1299 2734 bacilla
1322 2667 1455 2732 effusae

390 2807 514 2872 Bacilla
537 2809 612 2874 alba
634 2811 688 2873 vel
710 2812 829 2896 grisea,
853 2811 1002 2877 fractura
1025 2812 1172 2891 radiata3
1197 2810 1302 2874 isdem
1322 2811 1479 2896 puritatis

346 2909 472 2996 legibus
496 2913 716 2996 satisfaciant,
740 2918 861 3002 quibus
884 2918 1001 2983 Nitras
1024 2919 1225 3004 argenticue.

804 3132 833 3140 ι-
844 3132 1004 3142 ..-—·—-.—

471 3333 660 3428 ditias
695 3335 1072 3431 hismuthicus
1107 3338 1354 3432 basians.

678 3513 922 3598 Magisterinm
948 3515 1148 3584 Bismuthi.

391 3649 529 3719 Inmittc

444 3767 607 3820 Blsmuthi
633 3763 1401 3842 inpulveremgrossumredactipartes

483 3859 612 3917 decem
624 3905 1395 3923 ....................
1444 3863 1480 3918 10

349 3951 382 4015 in
411 3957 615 4039 quantitates
639 3981 760 4043 parvae
783 3959 909 4025 divisas
932 3962 1054 4025 sensim
1078 3963 1111 4024 in
1135 3962 1268 4037 mixtae,
1293 3961 1357 4024 iam
1381 3965 1479 4023 antea

348 4059 465 4127 caloris
487 4065 596 4149 gradu
620 4066 679 4130 75⁰
701 4066 743 4130 ad
767 4068 848 4129 9οω
865 4067 1052 4145 calefactae,

445 4176 536 4228 Acidi
556 4177 667 4229 ultrici
688 4179 823 4249 partes
845 4173 995 4248 viginti
1016 4183 1191 4252 septem.
1225 4220 1232 4233 .
1265 4219 1271 4231 .
1306 4219 1312 4232 .
1346 4218 1353 4232 .
1386 4216 1393 4231 .
1441 4173 1477 4232 27

446 4275 554 4338 Aquae
576 4270 762 4346 partibus
783 4271 932 4345 viginti
953 4273 1085 4332 tribue
1107 4314 1394 4331 ........
1442 4272 1479 4326 23
