3544 5050
882 543 947 606 420

392 736 505 802 Sulfes
514 737 789 822 Physostigmini,
802 736 918 803 addito
931 735 1026 802 acido
1035 735 1207 818 sulfurico,
1215 736 1377 823 liquorem
1386 758 1479 822 prse-

346 845 423 910 beet
446 845 567 910 coloris
591 849 771 931 expertem,
797 849 913 928 postea
937 843 1180 909 flavescentem.

390 971 421 1034 A
451 970 544 1034 luce
575 975 770 1035 remotus
802 991 876 1054 per
903 969 1064 1034 calcem
1094 967 1238 1033 vivam
1262 973 1477 1038 servetur.

462 1095 578 1156 Doses
600 1096 781 1154 maximae
802 1094 962 1170 singulae
985 1094 1326 1171 milligrammatum
1348 1094 1376 1154 l.

464 1193 576 1252 Doses
598 1193 777 1252 maximae
798 1193 835 1252 in
858 1193 963 1252 horas
984 1193 1128 1252 vicenas
1148 1195 1337 1268 quaternas

506 1291 839 1367 milllgrammatum
860 1290 890 1352 8.

682 1609 862 1706 Sullas
894 1612 1147 1705 zincicus.

782 1769 1038 1857 znsofruo

393 1901 562 1989 Crystalle
584 1904 704 1970 coloris
716 1903 876 1990 expertia,
888 1902 1057 1982 rhombos,
1070 1903 1201 1987 saporis
1212 1902 1370 1968 metallici
1381 1902 1477 1980 ecris,

345 2032 421 2075 aere
443 2011 562 2075 leviter
584 2010 785 2089 fatiscentia,
805 2032 890 2097 quse
903 2011 1011 2076 colore
1022 2009 1240 2096 liquescentis
1251 2031 1371 2095 squam
1382 2029 1480 2073 exsu-

348 2119 440 2185 dent.
476 2116 590 2182 Sulies
624 2119 769 2183 zincicus
803 2118 839 2182 in
866 2140 970 2204 cquae
993 2117 1147 2205 pertibus
1167 2118 1244 2194 o‚65
1268 2116 1418 2194 solvitur,
1442 2116 1479 2179 in

348 2225 470 2312 spiritu
492 2246 560 2291 non
583 2225 734 2290 solvitur.

392 2329 507 2396 Sulfcs
529 2331 673 2397 zincicus
696 2333 731 2396 in
753 2353 840 2418 equa
858 2335 891 2416 (1
907 2359 941 2392 =
955 2334 1013 2417 20)
1027 2331 1158 2396 solutus
1169 2330 1319 2396 obertum
1330 2329 1480 2417 explore-

346 2439 467 2503 toriem
497 2439 681 2504 caeruleam
702 2439 814 2505 reddit
839 2439 992 2518 rubram;
1016 2437 1133 2504 addito
1155 2435 1389 2522 sulfohydrete
1410 2458 1480 2500 sm-

347 2546 487 2623 monicO,
508 2546 764 2632 praecipitatum
782 2547 905 2624 elbum,
933 2546 1023 2632 quod
1044 2545 1080 2609 in
1104 2543 1200 2610 ccido
1223 2542 1479 2628 hydrochlorico

346 2652 498 2730 solvitur,
522 2651 638 2716 addito
660 2653 784 2718 nitretc
807 2653 969 2740 berytic0,
983 2649 1369 2739 praecipitetumelbum,
1389 2650 1479 2736 quod

345 2759 382 2821 in
404 2758 500 2822 ccido
522 2758 643 2823 uitrico
666 2757 773 2824 diluto
796 2782 864 2824 uon
888 2760 1039 2837 solvitur,
1064 2759 1211 2846 deponit.

391 2863 504 2929 Sullas
538 2865 682 2930 zincicus
704 2865 740 2929 in
762 2887 849 2952 sque
872 2869 1027 2952 (1:20)
1050 2867 1189 2944 solutus,
1214 2864 1330 2932 addito
1353 2863 1477 2930 nitrste

345 2971 517 3055 urgentico
528 2993 570 3035 ne
583 2971 737 3037 turbetur
754 2995 848 3051 neve,
864 2973 980 3038 eddito
992 2971 1477 3059 dimetbylemidoezobenzolo,

345 3077 500 3142 rubescat
508 3098 516 3156 ;
536 3077 660 3143 additis
679 3079 765 3144 ccidi
778 3079 1026 3166 hydrochlorici
1038 3081 1145 3166 guttis
1156 3079 1326 3144 nonnullis
1338 3085 1373 3144 et
1384 3078 1479 3144 ccido

346 3183 626 3269 hydrosuliurico‚
651 3187 793 3273 speciem
812 3208 854 3250 ne
866 3191 988 3271 mutet;
1001 3187 1127 3252 mixtus
1139 3185 1316 3252 solutionis
1327 3185 1480 3270 hydretis

345 3290 465 3355 natrici
486 3295 582 3355 tants
593 3293 780 3377 quantitate
791 3298 829 3359 ut
840 3293 1096 3380 praecipitatum
1107 3295 1200 3380 prius
1212 3298 1322 3357 ortum
1334 3290 1480 3356 solutum

346 3397 399 3475 sit,
423 3397 603 3463 calefactus
626 3421 689 3485 gez
711 3402 897 3465 emmoniae
920 3423 963 3464 ne
986 3401 1129 3466 emittet.

392 3503 533 3569 Sulfotis
575 3505 691 3570 ziucici
728 3528 879 3591 gramme
914 3509 943 3585 1,
980 3507 1103 3572 additis
1136 3528 1240 3593 aquus
1274 3505 1480 3570 centimetris

345 3610 470 3676 cubicis
506 3614 547 3676 20
582 3617 616 3676 et
650 3614 836 3678 emmoniae
871 3613 1077 3678 centimetris
1112 3613 1237 3679 cubicis
1262 3615 1291 3690 5,
1316 3612 1479 3698 liquorem

345 3718 479 3794 clerum,
515 3718 635 3783 coloris
670 3725 840 3805 expertem
874 3721 1041 3806 praebeat,
1072 3720 1131 3806 qui
1160 3719 1277 3784 eddito
1300 3717 1479 3783 curbonete

345 3824 531 3889 ammonico
553 3826 607 3890 vel
628 3826 815 3911 phosphete
838 3827 967 3892 nutrico
990 3850 1032 3892 ne
1054 3828 1225 3904 turbetur;
1250 3826 1279 3890 si
1301 3845 1320 3888 e
1341 3824 1481 3910 liquoris

346 3932 551 3996 centimetris
573 3933 699 3998 cubicis
724 3935 764 3996 10
788 3933 917 3998 zincum
940 3955 1000 4019 per
1021 3933 1153 3999 ccidum
1172 3929 1480 4018 hydrosuliuricum

343 4039 599 4123 praecipitatum
622 4041 695 4117 erit,
718 4040 770 4118 iis,
794 4061 879 4126 quse
890 4038 1478 4129 filtretisevsporatisrelictcerunt

345 4144 558 4223 candefactis,
585 4167 669 4231 quse
692 4154 898 4233 supererunt,
923 4148 1101 4235 ponderari
1123 4155 1300 4233 nequeunt.
