<?xml version="1.0" encoding="UTF-8"?>
<!DOCTYPE html PUBLIC "-//W3C//DTD XHTML 1.0 Transitional//EN"
    "http://www.w3.org/TR/xhtml1/DTD/xhtml1-transitional.dtd">
<html xmlns="http://www.w3.org/1999/xhtml" xml:lang="en" lang="en">
 <head>
  <title>
</title>
<meta http-equiv="Content-Type" content="text/html;charset=utf-8" />
  <meta name='ocr-system' content='tesseract 3.04.00' />
  <meta name='ocr-capabilities' content='ocr_page ocr_carea ocr_par ocr_line ocrx_word'/>
</head>
<body>
  <div class='ocr_page' id='page_1' title='image "./pharmocopoeaned00zakegoog_0343.png"; bbox 0 0 3582 5034; ppageno 0'>
   <div class='ocr_carea' id='block_1_1' title="bbox 888 512 952 576">
    <p class='ocr_par' dir='ltr' id='par_1_1' title="bbox 888 512 952 576">
     <span class='ocr_line' id='line_1_1' title="bbox 888 512 952 576; baseline -0.031 0"><span class='ocrx_word' id='word_1_1' title='bbox 888 512 952 576; x_wconf 73' lang='lat'><strong>312</strong></span> 
     </span>
    </p>
   </div>
   <div class='ocr_carea' id='block_1_2' title="bbox 491 705 1344 827">
    <p class='ocr_par' dir='ltr' id='par_1_2' title="bbox 491 705 1344 827">
     <span class='ocr_line' id='line_1_2' title="bbox 491 705 1344 827; baseline -0.002 -27"><span class='ocrx_word' id='word_1_2' title='bbox 491 707 681 802; x_wconf 80' lang='lat' dir='ltr'><strong>Pulsis</strong></span> <span class='ocrx_word' id='word_1_3' title='bbox 715 705 829 827; x_wconf 78' lang='lat' dir='ltr'><strong>Opil</strong></span> <span class='ocrx_word' id='word_1_4' title='bbox 866 707 1222 827; x_wconf 80' lang='lat' dir='ltr'><strong>compositus.</strong></span> <span class='ocrx_word' id='word_1_5' title='bbox 1258 706 1344 799; x_wconf 67' lang='grc' dir='ltr'><strong>ΙὶΙ.</strong></span> 
     </span>
    </p>
   </div>
   <div class='ocr_carea' id='block_1_3' title="bbox 769 883 1064 953">
    <p class='ocr_par' dir='ltr' id='par_1_3' title="bbox 769 883 1064 953">
     <span class='ocr_line' id='line_1_3' title="bbox 769 883 1064 953; baseline 0 -3"><span class='ocrx_word' id='word_1_6' title='bbox 769 883 895 953; x_wconf 78' lang='lat' dir='ltr'><strong>Pulvis</strong></span> <span class='ocrx_word' id='word_1_7' title='bbox 919 885 1064 953; x_wconf 80' lang='lat' dir='ltr'><strong>Doveri.</strong></span> 
     </span>
    </p>
   </div>
   <div class='ocr_carea' id='block_1_4' title="bbox 395 989 581 1056">
    <p class='ocr_par' dir='ltr' id='par_1_4' title="bbox 395 989 581 1056">
     <span class='ocr_line' id='line_1_4' title="bbox 395 989 581 1056; baseline -0.011 0"><span class='ocrx_word' id='word_1_8' title='bbox 395 989 581 1056; x_wconf 82' lang='lat' dir='ltr'><strong>Commisce</strong></span> 
     </span>
    </p>
   </div>
   <div class='ocr_carea' id='block_1_5' title="bbox 445 1113 1482 1487">
    <p class='ocr_par' dir='ltr' id='par_1_5' title="bbox 447 1113 1481 1191">
     <span class='ocr_line' id='line_1_5' title="bbox 447 1113 1481 1191; baseline 0 -22"><span class='ocrx_word' id='word_1_9' title='bbox 447 1119 596 1172; x_wconf 80' lang='lat' dir='ltr'><strong>Pulveris</strong></span> <span class='ocrx_word' id='word_1_10' title='bbox 616 1120 686 1183; x_wconf 78' lang='lat' dir='ltr'><strong>opu</strong></span> <span class='ocrx_word' id='word_1_11' title='bbox 707 1122 842 1191; x_wconf 85' lang='lat' dir='ltr'><strong>partes</strong></span> <span class='ocrx_word' id='word_1_12' title='bbox 870 1113 999 1172; x_wconf 89' lang='lat' dir='ltr'><strong>decem</strong></span> <span class='ocrx_word' id='word_1_13' title='bbox 1018 1158 1386 1174; x_wconf 90' lang='grc'><strong>..........</strong></span> <span class='ocrx_word' id='word_1_14' title='bbox 1445 1113 1481 1170; x_wconf 91' lang='grc'><strong>10</strong></span> 
     </span>
    </p>

    <p class='ocr_par' dir='ltr' id='par_1_6' title="bbox 445 1218 1482 1370">
     <span class='ocr_line' id='line_1_6' title="bbox 445 1218 1392 1288; baseline 0 -20"><span class='ocrx_word' id='word_1_15' title='bbox 445 1219 595 1271; x_wconf 71' lang='lat' dir='ltr'><strong>Pulveris</strong></span> <span class='ocrx_word' id='word_1_16' title='bbox 628 1219 762 1270; x_wconf 78' lang='lat' dir='ltr'><strong>corticis</strong></span> <span class='ocrx_word' id='word_1_17' title='bbox 796 1218 927 1270; x_wconf 77' lang='lat' dir='ltr'><strong>Redlcis</strong></span> <span class='ocrx_word' id='word_1_18' title='bbox 967 1218 1208 1282; x_wconf 77' lang='lat' dir='ltr'><strong>Ipecscuenhae</strong></span> <span class='ocrx_word' id='word_1_19' title='bbox 1257 1218 1392 1288; x_wconf 83' lang='lat' dir='ltr'><strong>partes</strong></span> 
     </span>
     <span class='ocr_line' id='line_1_7' title="bbox 486 1308 1482 1370; baseline -0.001 -3"><span class='ocrx_word' id='word_1_20' title='bbox 486 1310 615 1368; x_wconf 88' lang='lat' dir='ltr'><strong>decem</strong></span> <span class='ocrx_word' id='word_1_21' title='bbox 617 1353 1385 1370; x_wconf 87' lang='grc'><strong>....................</strong></span> <span class='ocrx_word' id='word_1_22' title='bbox 1445 1308 1482 1364; x_wconf 89' lang='grc'><strong>10</strong></span> 
     </span>
    </p>

    <p class='ocr_par' dir='ltr' id='par_1_7' title="bbox 446 1404 1482 1487">
     <span class='ocr_line' id='line_1_8' title="bbox 446 1404 1482 1487; baseline -0.002 -23"><span class='ocrx_word' id='word_1_23' title='bbox 446 1413 595 1466; x_wconf 83' lang='lat' dir='ltr'><strong>Pulveris</strong></span> <span class='ocrx_word' id='word_1_24' title='bbox 614 1414 749 1466; x_wconf 77' lang='lat' dir='ltr'><strong>Sultetls</strong></span> <span class='ocrx_word' id='word_1_25' title='bbox 769 1415 869 1467; x_wconf 73' lang='lat' dir='ltr'><strong>kallcl</strong></span> <span class='ocrx_word' id='word_1_26' title='bbox 900 1416 1035 1487; x_wconf 91' lang='lat' dir='ltr'><strong>partes</strong></span> <span class='ocrx_word' id='word_1_27' title='bbox 1062 1409 1271 1484; x_wconf 88' lang='lat' dir='ltr'><strong>octoginta</strong></span> <span class='ocrx_word' id='word_1_28' title='bbox 1299 1452 1304 1465; x_wconf 95' lang='lat'>.</span> <span class='ocrx_word' id='word_1_29' title='bbox 1338 1452 1345 1467; x_wconf 91' lang='lat'><strong>.</strong></span> <span class='ocrx_word' id='word_1_30' title='bbox 1378 1452 1385 1466; x_wconf 89' lang='lat'><strong>.</strong></span> <span class='ocrx_word' id='word_1_31' title='bbox 1443 1404 1482 1463; x_wconf 89' lang='lat'><strong>80</strong></span> 
     </span>
    </p>
   </div>
   <div class='ocr_carea' id='block_1_6' title="bbox 394 1506 825 1592">
    <p class='ocr_par' dir='ltr' id='par_1_8' title="bbox 394 1506 825 1592">
     <span class='ocr_line' id='line_1_9' title="bbox 394 1506 825 1592; baseline 0.002 -21"><span class='ocrx_word' id='word_1_32' title='bbox 394 1507 506 1571; x_wconf 86' lang='lat' dir='ltr'><strong>Pulvis</strong></span> <span class='ocrx_word' id='word_1_33' title='bbox 530 1529 547 1572; x_wconf 88' lang='lat' dir='ltr'><strong>e</strong></span> <span class='ocrx_word' id='word_1_34' title='bbox 571 1506 662 1572; x_wconf 84' lang='lat' dir='ltr'><strong>flavo</strong></span> <span class='ocrx_word' id='word_1_35' title='bbox 686 1508 825 1592; x_wconf 85' lang='lat' dir='ltr'><strong>griseus.</strong></span> 
     </span>
    </p>
   </div>
   <div class='ocr_carea' id='block_1_7' title="bbox 346 1649 1481 2376">
    <p class='ocr_par' dir='ltr' id='par_1_9' title="bbox 346 1649 1481 2376">
     <span class='ocr_line' id='line_1_10' title="bbox 392 1649 1479 1735; baseline -0.005 -20"><span class='ocrx_word' id='word_1_36' title='bbox 392 1650 506 1715; x_wconf 93' lang='lat' dir='ltr'><strong>Pulvis</strong></span> <span class='ocrx_word' id='word_1_37' title='bbox 525 1651 694 1716; x_wconf 89' lang='lat' dir='ltr'><strong>contineat</strong></span> <span class='ocrx_word' id='word_1_38' title='bbox 714 1651 881 1735; x_wconf 90' lang='lat' dir='ltr'><strong>morphini</strong></span> <span class='ocrx_word' id='word_1_39' title='bbox 901 1655 1028 1735; x_wconf 87' lang='lat' dir='ltr'><strong>partem</strong></span> <span class='ocrx_word' id='word_1_40' title='bbox 1041 1649 1254 1716; x_wconf 81' lang='lat' dir='ltr'><strong>centesimam</strong></span> <span class='ocrx_word' id='word_1_41' title='bbox 1266 1653 1301 1726; x_wconf 94' lang='lat'><strong>1;</strong></span> <span class='ocrx_word' id='word_1_42' title='bbox 1317 1652 1479 1734; x_wconf 86' lang='lat' dir='ltr'><strong>quantum</strong></span> 
     </span>
     <span class='ocr_line' id='line_1_11' title="bbox 347 1755 1481 1844; baseline -0.004 -23"><span class='ocrx_word' id='word_1_43' title='bbox 347 1757 437 1835; x_wconf 89' lang='lat' dir='ltr'><strong>insit,</strong></span> <span class='ocrx_word' id='word_1_44' title='bbox 462 1757 508 1822; x_wconf 84' lang='lat' dir='ltr'><strong>ita</strong></span> <span class='ocrx_word' id='word_1_45' title='bbox 521 1759 696 1822; x_wconf 71' lang='lat' dir='ltr'><strong>statuitur:</strong></span> <span class='ocrx_word' id='word_1_46' title='bbox 721 1759 851 1823; x_wconf 86' lang='lat' dir='ltr'><strong>Macera</strong></span> <span class='ocrx_word' id='word_1_47' title='bbox 862 1779 922 1844; x_wconf 88' lang='lat' dir='ltr'><strong>per</strong></span> <span class='ocrx_word' id='word_1_48' title='bbox 932 1759 1031 1822; x_wconf 88' lang='lat' dir='ltr'><strong>horas</strong></span> <span class='ocrx_word' id='word_1_49' title='bbox 1045 1760 1096 1834; x_wconf 83' lang='lat'><strong>12,</strong></span> <span class='ocrx_word' id='word_1_50' title='bbox 1112 1755 1305 1841; x_wconf 75' lang='lat' dir='ltr'><strong>frequenter</strong></span> <span class='ocrx_word' id='word_1_51' title='bbox 1322 1773 1481 1839; x_wconf 90' lang='lat' dir='ltr'><strong>conquas-</strong></span> 
     </span>
     <span class='ocr_line' id='line_1_12' title="bbox 348 1859 1480 1950; baseline -0.006 -21"><span class='ocrx_word' id='word_1_52' title='bbox 348 1887 434 1942; x_wconf 87' lang='lat' dir='ltr'><strong>sans,</strong></span> <span class='ocrx_word' id='word_1_53' title='bbox 449 1865 599 1929; x_wconf 89' lang='lat' dir='ltr'><strong>Pulveris</strong></span> <span class='ocrx_word' id='word_1_54' title='bbox 616 1864 693 1950; x_wconf 93' lang='lat' dir='ltr'><strong>Opii</strong></span> <span class='ocrx_word' id='word_1_55' title='bbox 712 1865 888 1949; x_wconf 84' lang='lat' dir='ltr'><strong>compositi</strong></span> <span class='ocrx_word' id='word_1_56' title='bbox 906 1869 1092 1949; x_wconf 87' lang='lat' dir='ltr'><strong>grammata</strong></span> <span class='ocrx_word' id='word_1_57' title='bbox 1109 1866 1150 1927; x_wconf 82' lang='lat'><strong>20</strong></span> <span class='ocrx_word' id='word_1_58' title='bbox 1163 1885 1222 1949; x_wconf 89' lang='lat' dir='ltr'><strong>per</strong></span> <span class='ocrx_word' id='word_1_59' title='bbox 1234 1862 1371 1948; x_wconf 92' lang='lat' dir='ltr'><strong>spiritus</strong></span> <span class='ocrx_word' id='word_1_60' title='bbox 1383 1859 1480 1923; x_wconf 86' lang='lat' dir='ltr'><strong>diluti</strong></span> 
     </span>
     <span class='ocr_line' id='line_1_13' title="bbox 346 1965 1480 2056; baseline -0.007 -19"><span class='ocrx_word' id='word_1_61' title='bbox 346 1972 543 2037; x_wconf 88' lang='lat' dir='ltr'><strong>centimetra</strong></span> <span class='ocrx_word' id='word_1_62' title='bbox 562 1972 678 2037; x_wconf 88' lang='lat' dir='ltr'><strong>cubica</strong></span> <span class='ocrx_word' id='word_1_63' title='bbox 700 1975 771 2034; x_wconf 88' lang='lat'>100.</span> <span class='ocrx_word' id='word_1_64' title='bbox 793 1971 955 2056; x_wconf 90' lang='lat' dir='ltr'><strong>Liquoris,</strong></span> <span class='ocrx_word' id='word_1_65' title='bbox 969 1993 1043 2036; x_wconf 92' lang='lat' dir='ltr'><strong>cum</strong></span> <span class='ocrx_word' id='word_1_66' title='bbox 1055 1969 1231 2046; x_wconf 82' lang='lat' dir='ltr'><strong>desederit,</strong></span> <span class='ocrx_word' id='word_1_67' title='bbox 1244 1968 1359 2032; x_wconf 85' lang='lat' dir='ltr'><strong>filtrati</strong></span> <span class='ocrx_word' id='word_1_68' title='bbox 1378 1965 1480 2032; x_wconf 88' lang='lat' dir='ltr'><strong>centi-</strong></span> 
     </span>
     <span class='ocr_line' id='line_1_14' title="bbox 348 2073 1481 2162; baseline -0.004 -22"><span class='ocrx_word' id='word_1_69' title='bbox 348 2082 454 2141; x_wconf 87' lang='lat' dir='ltr'><strong>metra</strong></span> <span class='ocrx_word' id='word_1_70' title='bbox 466 2078 581 2143; x_wconf 90' lang='lat' dir='ltr'><strong>cubica</strong></span> <span class='ocrx_word' id='word_1_71' title='bbox 593 2080 635 2140; x_wconf 89' lang='lat'><strong>80</strong></span> <span class='ocrx_word' id='word_1_72' title='bbox 648 2078 682 2141; x_wconf 91' lang='lat' dir='ltr'><strong>in</strong></span> <span class='ocrx_word' id='word_1_73' title='bbox 695 2077 812 2142; x_wconf 88' lang='lat' dir='ltr'><strong>balneo</strong></span> <span class='ocrx_word' id='word_1_74' title='bbox 824 2099 928 2162; x_wconf 81' lang='lat' dir='ltr'><strong>eques</strong></span> <span class='ocrx_word' id='word_1_75' title='bbox 941 2099 1083 2162; x_wconf 83' lang='lat' dir='ltr'><strong>evapora</strong></span> <span class='ocrx_word' id='word_1_76' title='bbox 1096 2077 1138 2141; x_wconf 88' lang='lat' dir='ltr'><strong>ad</strong></span> <span class='ocrx_word' id='word_1_77' title='bbox 1150 2080 1336 2162; x_wconf 85' lang='lat' dir='ltr'><strong>grammata</strong></span> <span class='ocrx_word' id='word_1_78' title='bbox 1350 2076 1400 2151; x_wconf 90' lang='grc'><strong>10,</strong></span> <span class='ocrx_word' id='word_1_79' title='bbox 1409 2073 1481 2158; x_wconf 93' lang='lat' dir='ltr'><strong>qui-</strong></span> 
     </span>
     <span class='ocr_line' id='line_1_15' title="bbox 347 2179 1479 2269; baseline -0.004 -23"><span class='ocrx_word' id='word_1_80' title='bbox 347 2183 409 2247; x_wconf 92' lang='lat' dir='ltr'><strong>bus</strong></span> <span class='ocrx_word' id='word_1_81' title='bbox 420 2183 455 2246; x_wconf 91' lang='lat' dir='ltr'><strong>in</strong></span> <span class='ocrx_word' id='word_1_82' title='bbox 468 2183 675 2248; x_wconf 77' lang='lat' dir='ltr'><strong>cucurbitam</strong></span> <span class='ocrx_word' id='word_1_83' title='bbox 687 2185 807 2249; x_wconf 89' lang='lat' dir='ltr'><strong>siccam</strong></span> <span class='ocrx_word' id='word_1_84' title='bbox 820 2185 892 2249; x_wconf 94' lang='lat' dir='ltr'><strong>noti</strong></span> <span class='ocrx_word' id='word_1_85' title='bbox 904 2184 1061 2269; x_wconf 90' lang='lat' dir='ltr'><strong>ponderis</strong></span> <span class='ocrx_word' id='word_1_86' title='bbox 1068 2183 1226 2247; x_wconf 89' lang='lat' dir='ltr'><strong>immissis</strong></span> <span class='ocrx_word' id='word_1_87' title='bbox 1235 2181 1320 2247; x_wconf 90' lang='lat' dir='ltr'><strong>adde</strong></span> <span class='ocrx_word' id='word_1_88' title='bbox 1328 2179 1479 2266; x_wconf 91' lang='lat' dir='ltr'><strong>hydratis</strong></span> 
     </span>
     <span class='ocr_line' id='line_1_16' title="bbox 348 2289 1480 2376; baseline -0.004 -22"><span class='ocrx_word' id='word_1_89' title='bbox 348 2289 460 2354; x_wconf 90' lang='lat' dir='ltr'><strong>calcici</strong></span> <span class='ocrx_word' id='word_1_90' title='bbox 483 2290 752 2375; x_wconf 83' lang='lat' dir='ltr'><strong>milligrammata</strong></span> <span class='ocrx_word' id='word_1_91' title='bbox 779 2293 842 2355; x_wconf 79' lang='lat'><strong>250</strong></span> <span class='ocrx_word' id='word_1_92' title='bbox 866 2297 899 2355; x_wconf 88' lang='lat' dir='ltr'><strong>et</strong></span> <span class='ocrx_word' id='word_1_93' title='bbox 922 2313 1026 2376; x_wconf 84' lang='lat' dir='ltr'><strong>aquae</strong></span> <span class='ocrx_word' id='word_1_94' title='bbox 1049 2295 1189 2367; x_wconf 84' lang='lat' dir='ltr'><strong>tentum,</strong></span> <span class='ocrx_word' id='word_1_95' title='bbox 1210 2293 1249 2353; x_wconf 91' lang='lat' dir='ltr'><strong>ut</strong></span> <span class='ocrx_word' id='word_1_96' title='bbox 1261 2309 1384 2365; x_wconf 86' lang='lat' dir='ltr'><strong>eorum,</strong></span> <span class='ocrx_word' id='word_1_97' title='bbox 1396 2307 1480 2373; x_wconf 86' lang='lat' dir='ltr'><strong>quse</strong></span> 
     </span>
    </p>
   </div>
   <div class='ocr_carea' id='block_1_8' title="bbox 346 2395 1595 2482">
    <p class='ocr_par' dir='ltr' id='par_1_10' title="bbox 346 2395 1595 2482">
     <span class='ocr_line' id='line_1_17' title="bbox 346 2395 1595 2482; baseline -0.005 -22"><span class='ocrx_word' id='word_1_98' title='bbox 346 2395 519 2460; x_wconf 88' lang='lat' dir='ltr'><strong>cucurbita</strong></span> <span class='ocrx_word' id='word_1_99' title='bbox 531 2396 712 2476; x_wconf 86' lang='lat' dir='ltr'><strong>contineat,</strong></span> <span class='ocrx_word' id='word_1_100' title='bbox 724 2396 854 2482; x_wconf 89' lang='lat' dir='ltr'><strong>pondus</strong></span> <span class='ocrx_word' id='word_1_101' title='bbox 866 2397 911 2461; x_wconf 89' lang='lat' dir='ltr'><strong>sit</strong></span> <span class='ocrx_word' id='word_1_102' title='bbox 923 2403 1145 2481; x_wconf 81' lang='lat' dir='ltr'><strong>grammatum</strong></span> <span class='ocrx_word' id='word_1_103' title='bbox 1157 2397 1262 2474; x_wconf 59' lang='lat'>1625.</span> <span class='ocrx_word' id='word_1_104' title='bbox 1278 2395 1479 2478; x_wconf 85' lang='lat' dir='ltr'><strong>Frequenter</strong></span> <span class='ocrx_word' id='word_1_105' title='bbox 1593 2440 1595 2445; x_wconf 83' lang='lat'><em>.</em></span> 
     </span>
    </p>
   </div>
   <div class='ocr_carea' id='block_1_9' title="bbox 344 2502 1480 4296">
    <p class='ocr_par' dir='ltr' id='par_1_11' title="bbox 344 2502 1480 4296">
     <span class='ocr_line' id='line_1_18' title="bbox 344 2502 1480 2587; baseline -0.004 -19"><span class='ocrx_word' id='word_1_106' title='bbox 344 2507 544 2568; x_wconf 88' lang='lat' dir='ltr'><strong>convertens</strong></span> <span class='ocrx_word' id='word_1_107' title='bbox 557 2524 615 2587; x_wconf 90' lang='lat' dir='ltr'><strong>per</strong></span> <span class='ocrx_word' id='word_1_108' title='bbox 627 2502 726 2566; x_wconf 91' lang='lat' dir='ltr'><strong>horas</strong></span> <span class='ocrx_word' id='word_1_109' title='bbox 740 2505 759 2566; x_wconf 92' lang='lat'><strong>3</strong></span> <span class='ocrx_word' id='word_1_110' title='bbox 772 2524 911 2587; x_wconf 89' lang='lat' dir='ltr'><strong>sepone;</strong></span> <span class='ocrx_word' id='word_1_111' title='bbox 935 2505 1024 2568; x_wconf 89' lang='lat' dir='ltr'><strong>filtra</strong></span> <span class='ocrx_word' id='word_1_112' title='bbox 1036 2509 1070 2568; x_wconf 89' lang='lat' dir='ltr'><strong>ct</strong></span> <span class='ocrx_word' id='word_1_113' title='bbox 1080 2504 1283 2568; x_wconf 89' lang='lat' dir='ltr'><strong>filtratorum</strong></span> <span class='ocrx_word' id='word_1_114' title='bbox 1295 2505 1480 2586; x_wconf 87' lang='lat' dir='ltr'><strong>grammata</strong></span> 
     </span>
     <span class='ocr_line' id='line_1_19' title="bbox 345 2607 1479 2696; baseline -0.005 -22"><span class='ocrx_word' id='word_1_115' title='bbox 345 2611 387 2674; x_wconf 89' lang='lat'><strong>10</strong></span> <span class='ocrx_word' id='word_1_116' title='bbox 395 2611 449 2694; x_wconf 87' lang='lat'><strong>(:</strong></span> <span class='ocrx_word' id='word_1_117' title='bbox 463 2610 613 2674; x_wconf 89' lang='lat' dir='ltr'><strong>Pulveris</strong></span> <span class='ocrx_word' id='word_1_118' title='bbox 626 2609 702 2694; x_wconf 92' lang='lat' dir='ltr'><strong>Opii</strong></span> <span class='ocrx_word' id='word_1_119' title='bbox 714 2610 890 2695; x_wconf 91' lang='lat' dir='ltr'><strong>compositi</strong></span> <span class='ocrx_word' id='word_1_120' title='bbox 901 2617 1088 2696; x_wconf 83' lang='lat' dir='ltr'><strong>grammata</strong></span> <span class='ocrx_word' id='word_1_121' title='bbox 1098 2614 1154 2682; x_wconf 62' lang='lat'><strong>10)</strong></span> <span class='ocrx_word' id='word_1_122' title='bbox 1165 2632 1239 2676; x_wconf 90' lang='lat' dir='ltr'><strong>cum</strong></span> <span class='ocrx_word' id='word_1_123' title='bbox 1250 2607 1394 2674; x_wconf 90' lang='lat' dir='ltr'><strong>aetheris</strong></span> <span class='ocrx_word' id='word_1_124' title='bbox 1406 2628 1479 2671; x_wconf 90' lang='lat' dir='ltr'><strong>cen-</strong></span> 
     </span>
     <span class='ocr_line' id='line_1_20' title="bbox 344 2715 1479 2804; baseline -0.004 -24"><span class='ocrx_word' id='word_1_125' title='bbox 344 2717 488 2781; x_wconf 88' lang='lat' dir='ltr'><strong>timetris</strong></span> <span class='ocrx_word' id='word_1_126' title='bbox 501 2716 652 2782; x_wconf 86' lang='lat' dir='ltr'><strong>cubicis5</strong></span> <span class='ocrx_word' id='word_1_127' title='bbox 665 2721 699 2780; x_wconf 90' lang='lat' dir='ltr'><strong>et</strong></span> <span class='ocrx_word' id='word_1_128' title='bbox 710 2716 851 2781; x_wconf 89' lang='lat' dir='ltr'><strong>chloreti</strong></span> <span class='ocrx_word' id='word_1_129' title='bbox 862 2718 1039 2784; x_wconf 89' lang='lat' dir='ltr'><strong>ammonici</strong></span> <span class='ocrx_word' id='word_1_130' title='bbox 1051 2715 1331 2804; x_wconf 85' lang='lat' dir='ltr'><strong>milligrammstis</strong></span> <span class='ocrx_word' id='word_1_131' title='bbox 1346 2716 1409 2777; x_wconf 94' lang='grc'><strong>100</strong></span> <span class='ocrx_word' id='word_1_132' title='bbox 1421 2734 1479 2798; x_wconf 90' lang='lat' dir='ltr'><strong>per</strong></span> 
     </span>
     <span class='ocr_line' id='line_1_21' title="bbox 344 2821 1479 2911; baseline -0.004 -24"><span class='ocrx_word' id='word_1_133' title='bbox 344 2825 446 2888; x_wconf 91' lang='lat' dir='ltr'><strong>horae</strong></span> <span class='ocrx_word' id='word_1_134' title='bbox 477 2828 605 2908; x_wconf 86' lang='lat' dir='ltr'><strong>partem</strong></span> <span class='ocrx_word' id='word_1_135' title='bbox 637 2828 790 2908; x_wconf 85' lang='lat' dir='ltr'><strong>quartam</strong></span> <span class='ocrx_word' id='word_1_136' title='bbox 815 2824 949 2890; x_wconf 88' lang='lat' dir='ltr'><strong>assidue</strong></span> <span class='ocrx_word' id='word_1_137' title='bbox 976 2829 1206 2911; x_wconf 87' lang='lat' dir='ltr'><strong>conquassata,</strong></span> <span class='ocrx_word' id='word_1_138' title='bbox 1232 2844 1291 2908; x_wconf 88' lang='lat' dir='ltr'><strong>per</strong></span> <span class='ocrx_word' id='word_1_139' title='bbox 1313 2821 1412 2885; x_wconf 89' lang='lat' dir='ltr'><strong>horas</strong></span> <span class='ocrx_word' id='word_1_140' title='bbox 1437 2822 1479 2882; x_wconf 79' lang='lat'><strong>24</strong></span> 
     </span>
     <span class='ocr_line' id='line_1_22' title="bbox 345 2928 1479 3014; baseline -0.003 -21"><span class='ocrx_word' id='word_1_141' title='bbox 345 2950 478 3014; x_wconf 87' lang='lat' dir='ltr'><strong>sepone.</strong></span> <span class='ocrx_word' id='word_1_142' title='bbox 502 2929 596 2993; x_wconf 89' lang='lat' dir='ltr'><strong>Adde</strong></span> <span class='ocrx_word' id='word_1_143' title='bbox 616 2931 761 2994; x_wconf 86' lang='lat' dir='ltr'><strong>aetheris</strong></span> <span class='ocrx_word' id='word_1_144' title='bbox 774 2931 970 2996; x_wconf 89' lang='lat' dir='ltr'><strong>centimetra</strong></span> <span class='ocrx_word' id='word_1_145' title='bbox 978 2930 1095 2997; x_wconf 92' lang='lat' dir='ltr'><strong>cubica</strong></span> <span class='ocrx_word' id='word_1_146' title='bbox 1108 2934 1178 3008; x_wconf 82' lang='lat'>2;5;</span> <span class='ocrx_word' id='word_1_147' title='bbox 1194 2929 1357 3014; x_wconf 90' lang='lat' dir='ltr'><strong>liquorem</strong></span> <span class='ocrx_word' id='word_1_148' title='bbox 1369 2928 1479 2991; x_wconf 82' lang='lat' dir='ltr'><strong>aethe·</strong></span> 
     </span>
     <span class='ocr_line' id='line_1_23' title="bbox 344 3035 1479 3122; baseline -0.003 -22"><span class='ocrx_word' id='word_1_149' title='bbox 344 3057 439 3100; x_wconf 89' lang='lat' dir='ltr'><strong>reum</strong></span> <span class='ocrx_word' id='word_1_150' title='bbox 461 3036 497 3099; x_wconf 91' lang='lat' dir='ltr'><strong>in</strong></span> <span class='ocrx_word' id='word_1_151' title='bbox 520 3035 645 3100; x_wconf 88' lang='lat' dir='ltr'><strong>filtrum</strong></span> <span class='ocrx_word' id='word_1_152' title='bbox 665 3037 788 3100; x_wconf 90' lang='lat' dir='ltr'><strong>siccum</strong></span> <span class='ocrx_word' id='word_1_153' title='bbox 811 3038 969 3114; x_wconf 87' lang='lat' dir='ltr'><strong>immitte;</strong></span> <span class='ocrx_word' id='word_1_154' title='bbox 993 3038 1157 3122; x_wconf 88' lang='lat' dir='ltr'><strong>liquorem</strong></span> <span class='ocrx_word' id='word_1_155' title='bbox 1180 3057 1342 3122; x_wconf 86' lang='lat' dir='ltr'><strong>aquosum</strong></span> <span class='ocrx_word' id='word_1_156' title='bbox 1358 3035 1479 3098; x_wconf 90' lang='lat' dir='ltr'><strong>iterum</strong></span> 
     </span>
     <span class='ocr_line' id='line_1_24' title="bbox 346 3139 1478 3228; baseline -0.003 -22"><span class='ocrx_word' id='word_1_157' title='bbox 346 3163 422 3206; x_wconf 93' lang='lat' dir='ltr'><strong>cum</strong></span> <span class='ocrx_word' id='word_1_158' title='bbox 445 3142 592 3207; x_wconf 87' lang='lat' dir='ltr'><strong>aetheris</strong></span> <span class='ocrx_word' id='word_1_159' title='bbox 614 3143 818 3208; x_wconf 88' lang='lat' dir='ltr'><strong>centimetris</strong></span> <span class='ocrx_word' id='word_1_160' title='bbox 841 3144 964 3209; x_wconf 94' lang='lat' dir='ltr'><strong>cubicis</strong></span> <span class='ocrx_word' id='word_1_161' title='bbox 990 3147 1042 3221; x_wconf 81' lang='lat'><strong>2,5</strong></span> <span class='ocrx_word' id='word_1_162' title='bbox 1065 3148 1232 3221; x_wconf 86' lang='lat' dir='ltr'><strong>converte,</strong></span> <span class='ocrx_word' id='word_1_163' title='bbox 1249 3163 1333 3228; x_wconf 89' lang='lat' dir='ltr'><strong>quae</strong></span> <span class='ocrx_word' id='word_1_164' title='bbox 1344 3142 1381 3204; x_wconf 92' lang='lat' dir='ltr'><strong>in</strong></span> <span class='ocrx_word' id='word_1_165' title='bbox 1391 3139 1478 3204; x_wconf 90' lang='lat' dir='ltr'><strong>idem</strong></span> 
     </span>
     <span class='ocr_line' id='line_1_25' title="bbox 346 3246 1479 3334; baseline -0.001 -23"><span class='ocrx_word' id='word_1_166' title='bbox 346 3248 473 3312; x_wconf 89' lang='lat' dir='ltr'><strong>filtrum</strong></span> <span class='ocrx_word' id='word_1_167' title='bbox 506 3248 679 3317; x_wconf 88' lang='lat' dir='ltr'><strong>immittes.</strong></span> <span class='ocrx_word' id='word_1_168' title='bbox 713 3248 798 3314; x_wconf 85' lang='lat' dir='ltr'><strong>Cum</strong></span> <span class='ocrx_word' id='word_1_169' title='bbox 826 3251 941 3314; x_wconf 83' lang='lat' dir='ltr'><strong>esther</strong></span> <span class='ocrx_word' id='word_1_170' title='bbox 974 3251 1192 3316; x_wconf 87' lang='lat' dir='ltr'><strong>transmissus</strong></span> <span class='ocrx_word' id='word_1_171' title='bbox 1215 3251 1287 3326; x_wconf 90' lang='lat' dir='ltr'><strong>erit,</strong></span> <span class='ocrx_word' id='word_1_172' title='bbox 1312 3246 1479 3334; x_wconf 91' lang='lat' dir='ltr'><strong>morphini</strong></span> 
     </span>
     <span class='ocr_line' id='line_1_26' title="bbox 347 3355 1477 3442; baseline -0.002 -23"><span class='ocrx_word' id='word_1_173' title='bbox 347 3355 464 3420; x_wconf 86' lang='lat' dir='ltr'><strong>secreti</strong></span> <span class='ocrx_word' id='word_1_174' title='bbox 500 3359 662 3440; x_wconf 88' lang='lat' dir='ltr'><strong>quantum</strong></span> <span class='ocrx_word' id='word_1_175' title='bbox 697 3357 822 3440; x_wconf 87' lang='lat' dir='ltr'><strong>poteris</strong></span> <span class='ocrx_word' id='word_1_176' title='bbox 853 3357 887 3420; x_wconf 90' lang='lat' dir='ltr'><strong>in</strong></span> <span class='ocrx_word' id='word_1_177' title='bbox 918 3357 1044 3422; x_wconf 90' lang='lat' dir='ltr'><strong>filtrum</strong></span> <span class='ocrx_word' id='word_1_178' title='bbox 1072 3359 1191 3442; x_wconf 82' lang='lat' dir='ltr'><strong>collige</strong></span> <span class='ocrx_word' id='word_1_179' title='bbox 1215 3363 1249 3422; x_wconf 92' lang='lat' dir='ltr'><strong>et</strong></span> <span class='ocrx_word' id='word_1_180' title='bbox 1271 3355 1477 3422; x_wconf 81' lang='lat' dir='ltr'><strong>cucurbitam</strong></span> 
     </span>
     <span class='ocr_line' id='line_1_27' title="bbox 346 3460 1476 3549; baseline -0.001 -25"><span class='ocrx_word' id='word_1_181' title='bbox 346 3460 537 3546; x_wconf 87' lang='lat' dir='ltr'><strong>filtrumque</strong></span> <span class='ocrx_word' id='word_1_182' title='bbox 560 3484 647 3547; x_wconf 86' lang='lat' dir='ltr'><strong>aqua</strong></span> <span class='ocrx_word' id='word_1_183' title='bbox 669 3463 765 3527; x_wconf 87' lang='lat' dir='ltr'><strong>ablue</strong></span> <span class='ocrx_word' id='word_1_184' title='bbox 789 3463 866 3527; x_wconf 90' lang='lat' dir='ltr'><strong>dum</strong></span> <span class='ocrx_word' id='word_1_185' title='bbox 888 3463 1028 3549; x_wconf 87' lang='lat' dir='ltr'><strong>liquoris</strong></span> <span class='ocrx_word' id='word_1_186' title='bbox 1050 3463 1228 3528; x_wconf 88' lang='lat' dir='ltr'><strong>defluentis</strong></span> <span class='ocrx_word' id='word_1_187' title='bbox 1252 3467 1350 3548; x_wconf 84' lang='lat' dir='ltr'><strong>gutta</strong></span> <span class='ocrx_word' id='word_1_188' title='bbox 1367 3465 1384 3526; x_wconf 92' lang='lat'>1</span> <span class='ocrx_word' id='word_1_189' title='bbox 1399 3461 1476 3546; x_wconf 90' lang='lat' dir='ltr'><strong>phe-</strong></span> 
     </span>
     <span class='ocr_line' id='line_1_28' title="bbox 345 3567 1478 3657; baseline -0.001 -27"><span class='ocrx_word' id='word_1_190' title='bbox 345 3567 635 3653; x_wconf 89' lang='lat' dir='ltr'><strong>nolphthaleinum</strong></span> <span class='ocrx_word' id='word_1_191' title='bbox 668 3591 735 3634; x_wconf 90' lang='lat' dir='ltr'><strong>non</strong></span> <span class='ocrx_word' id='word_1_192' title='bbox 769 3571 911 3655; x_wconf 88' lang='lat' dir='ltr'><strong>amplius</strong></span> <span class='ocrx_word' id='word_1_193' title='bbox 934 3572 1077 3649; x_wconf 89' lang='lat' dir='ltr'><strong>coloret;</strong></span> <span class='ocrx_word' id='word_1_194' title='bbox 1112 3571 1201 3657; x_wconf 92' lang='lat' dir='ltr'><strong>quod</strong></span> <span class='ocrx_word' id='word_1_195' title='bbox 1224 3574 1263 3635; x_wconf 89' lang='lat' dir='ltr'><strong>ut</strong></span> <span class='ocrx_word' id='word_1_196' title='bbox 1284 3571 1353 3646; x_wconf 87' lang='lat' dir='ltr'><strong>fiat,</strong></span> <span class='ocrx_word' id='word_1_197' title='bbox 1373 3587 1478 3654; x_wconf 84' lang='lat' dir='ltr'><strong>aquae</strong></span> 
     </span>
     <span class='ocr_line' id='line_1_29' title="bbox 346 3675 1478 3763; baseline -0.003 -23"><span class='ocrx_word' id='word_1_198' title='bbox 346 3676 542 3740; x_wconf 87' lang='lat' dir='ltr'><strong>centimetra</strong></span> <span class='ocrx_word' id='word_1_199' title='bbox 560 3676 676 3741; x_wconf 88' lang='lat' dir='ltr'><strong>cubica</strong></span> <span class='ocrx_word' id='word_1_200' title='bbox 689 3677 741 3755; x_wconf 84' lang='lat'><strong>7‚5</strong></span> <span class='ocrx_word' id='word_1_201' title='bbox 764 3677 1012 3744; x_wconf 87' lang='lat' dir='ltr'><strong>adhiberllicet.</strong></span> <span class='ocrx_word' id='word_1_202' title='bbox 1036 3679 1178 3744; x_wconf 84' lang='lat' dir='ltr'><strong>Filtrum</strong></span> <span class='ocrx_word' id='word_1_203' title='bbox 1189 3682 1223 3743; x_wconf 89' lang='lat' dir='ltr'><strong>et</strong></span> <span class='ocrx_word' id='word_1_204' title='bbox 1234 3698 1317 3763; x_wconf 88' lang='lat' dir='ltr'><strong>quae</strong></span> <span class='ocrx_word' id='word_1_205' title='bbox 1330 3675 1478 3740; x_wconf 88' lang='lat' dir='ltr'><strong>continet</strong></span> 
     </span>
     <span class='ocr_line' id='line_1_30' title="bbox 346 3780 1477 3861; baseline 0.001 -17"><span class='ocrx_word' id='word_1_206' title='bbox 346 3780 382 3844; x_wconf 93' lang='lat' dir='ltr'><strong>in</strong></span> <span class='ocrx_word' id='word_1_207' title='bbox 405 3781 612 3847; x_wconf 86' lang='lat' dir='ltr'><strong>cucurbitam</strong></span> <span class='ocrx_word' id='word_1_208' title='bbox 633 3782 776 3849; x_wconf 88' lang='lat' dir='ltr'><strong>immitte</strong></span> <span class='ocrx_word' id='word_1_209' title='bbox 789 3790 832 3861; x_wconf 90' lang='lat' dir='ltr'><strong>et,</strong></span> <span class='ocrx_word' id='word_1_210' title='bbox 850 3784 974 3848; x_wconf 88' lang='lat' dir='ltr'><strong>additis</strong></span> <span class='ocrx_word' id='word_1_211' title='bbox 986 3786 1072 3850; x_wconf 91' lang='lat' dir='ltr'><strong>acidi</strong></span> <span class='ocrx_word' id='word_1_212' title='bbox 1084 3784 1237 3851; x_wconf 84' lang='lat' dir='ltr'><strong>sulfurici</strong></span> <span class='ocrx_word' id='word_1_213' title='bbox 1246 3782 1477 3849; x_wconf 87' lang='lat' dir='ltr'><strong>decinormalis</strong></span> 
     </span>
     <span class='ocr_line' id='line_1_31' title="bbox 347 3888 1476 3977; baseline 0.001 -26"><span class='ocrx_word' id='word_1_214' title='bbox 347 3888 552 3953; x_wconf 86' lang='lat' dir='ltr'><strong>centimetris</strong></span> <span class='ocrx_word' id='word_1_215' title='bbox 582 3890 707 3955; x_wconf 86' lang='lat' dir='ltr'><strong>cubicis</strong></span> <span class='ocrx_word' id='word_1_216' title='bbox 740 3894 790 3972; x_wconf 76' lang='grc'><strong>10,</strong></span> <span class='ocrx_word' id='word_1_217' title='bbox 815 3895 972 3956; x_wconf 89' lang='lat' dir='ltr'><strong>converte</strong></span> <span class='ocrx_word' id='word_1_218' title='bbox 991 3892 1070 3956; x_wconf 90' lang='lat' dir='ltr'><strong>dum</strong></span> <span class='ocrx_word' id='word_1_219' title='bbox 1093 3891 1305 3977; x_wconf 80' lang='lat' dir='ltr'><strong>morpliinum</strong></span> <span class='ocrx_word' id='word_1_220' title='bbox 1330 3890 1476 3954; x_wconf 88' lang='lat' dir='ltr'><strong>solutum</strong></span> 
     </span>
     <span class='ocr_line' id='line_1_32' title="bbox 345 3994 1477 4085; baseline 0.001 -28"><span class='ocrx_word' id='word_1_221' title='bbox 345 3994 401 4059; x_wconf 89' lang='lat' dir='ltr'><strong>sit.</strong></span> <span class='ocrx_word' id='word_1_222' title='bbox 432 3995 553 4073; x_wconf 90' lang='lat' dir='ltr'><strong>Filtra;</strong></span> <span class='ocrx_word' id='word_1_223' title='bbox 577 3996 781 4061; x_wconf 87' lang='lat' dir='ltr'><strong>cucurbitam</strong></span> <span class='ocrx_word' id='word_1_224' title='bbox 810 3998 1000 4084; x_wconf 89' lang='lat' dir='ltr'><strong>filtrumque</strong></span> <span class='ocrx_word' id='word_1_225' title='bbox 1030 4021 1116 4085; x_wconf 86' lang='lat' dir='ltr'><strong>aqua</strong></span> <span class='ocrx_word' id='word_1_226' title='bbox 1144 3998 1242 4063; x_wconf 88' lang='lat' dir='ltr'><strong>ablue</strong></span> <span class='ocrx_word' id='word_1_227' title='bbox 1272 3998 1351 4063; x_wconf 91' lang='lat' dir='ltr'><strong>dum</strong></span> <span class='ocrx_word' id='word_1_228' title='bbox 1369 3997 1477 4081; x_wconf 91' lang='lat' dir='ltr'><strong>liquor</strong></span> 
     </span>
     <span class='ocr_line' id='line_1_33' title="bbox 345 4101 1475 4187; baseline 0.001 -22"><span class='ocrx_word' id='word_1_229' title='bbox 345 4101 494 4167; x_wconf 88' lang='lat' dir='ltr'><strong>defluens</strong></span> <span class='ocrx_word' id='word_1_230' title='bbox 517 4125 585 4168; x_wconf 92' lang='lat' dir='ltr'><strong>non</strong></span> <span class='ocrx_word' id='word_1_231' title='bbox 608 4102 751 4187; x_wconf 83' lang='lat' dir='ltr'><strong>amplius</strong></span> <span class='ocrx_word' id='word_1_232' title='bbox 773 4104 952 4169; x_wconf 86' lang='lat' dir='ltr'><strong>reactionis</strong></span> <span class='ocrx_word' id='word_1_233' title='bbox 975 4105 1020 4170; x_wconf 92' lang='lat' dir='ltr'><strong>sit</strong></span> <span class='ocrx_word' id='word_1_234' title='bbox 1043 4105 1174 4184; x_wconf 80' lang='lat' dir='ltr'><strong>acidae3</strong></span> <span class='ocrx_word' id='word_1_235' title='bbox 1197 4104 1322 4170; x_wconf 87' lang='lat' dir='ltr'><strong>additis</strong></span> <span class='ocrx_word' id='word_1_236' title='bbox 1345 4105 1475 4167; x_wconf 87' lang='lat' dir='ltr'><strong>haema·</strong></span> 
     </span>
     <span class='ocr_line' id='line_1_34' title="bbox 345 4209 1474 4296; baseline 0 -24"><span class='ocrx_word' id='word_1_237' title='bbox 345 4209 488 4294; x_wconf 87' lang='lat' dir='ltr'><strong>toxylini</strong></span> <span class='ocrx_word' id='word_1_238' title='bbox 518 4211 625 4294; x_wconf 86' lang='lat' dir='ltr'><strong>guttis</strong></span> <span class='ocrx_word' id='word_1_239' title='bbox 649 4213 679 4286; x_wconf 87' lang='lat'><strong>3,</strong></span> <span class='ocrx_word' id='word_1_240' title='bbox 712 4210 797 4275; x_wconf 91' lang='lat' dir='ltr'><strong>acidi</strong></span> <span class='ocrx_word' id='word_1_241' title='bbox 822 4211 1043 4296; x_wconf 88' lang='lat' dir='ltr'><strong>quantitatem</strong></span> <span class='ocrx_word' id='word_1_242' title='bbox 1067 4212 1280 4278; x_wconf 87' lang='lat' dir='ltr'><strong>excedentem</strong></span> <span class='ocrx_word' id='word_1_243' title='bbox 1304 4233 1363 4296; x_wconf 91' lang='lat' dir='ltr'><strong>per</strong></span> <span class='ocrx_word' id='word_1_244' title='bbox 1379 4209 1474 4274; x_wconf 86' lang='lat' dir='ltr'><strong>alcali</strong></span> 
     </span>
    </p>
   </div>
   <div class='ocr_carea' id='block_1_10' title="bbox 0 0 1796 5034">
    <p class='ocr_par' dir='ltr' id='par_1_12' title="bbox 0 0 1796 5034">
     <span class='ocr_line' id='line_1_35' title="bbox 0 0 1796 5034; baseline 0 1"><span class='ocrx_word' id='word_1_245' title='bbox 0 0 1796 5034; x_wconf 95' lang='lat' dir='ltr'><strong> </strong></span> 
     </span>
    </p>
   </div>
  </div>
 </body>
</html>
