3544 5050
863 511 926 573 381

538 703 588 801 -Ι-
621 704 858 826 Sirunue
901 703 1167 824 Scaeuae.

375 833 475 898 Misce

425 943 555 996 Radicts
586 943 728 1008 &negas
756 937 796 994 in
824 935 1027 1014 pulverem
1057 935 1101 1012 (A
1120 935 1163 1012 ld)
1185 933 1372 993 redactae

466 1041 602 1111 partes
626 1034 799 1111 quinque
801 1077 1364 1096 ...............
1444 1034 1461 1090 5

427 1133 639 1190 mixtorum
663 1137 805 1202 splrnun
825 1141 862 1192 et
883 1143 994 1204 Aquae
1016 1133 1044 1212 (1
1064 1132 1166 1209 =10)
1188 1131 1372 1208 partibus

467 1229 595 1288 decem
602 1273 1367 1291 ....................
1427 1228 1463 1286 10

329 1333 362 1393 11
385 1349 445 1414 per
466 1330 566 1394 horas
591 1331 632 1392 12
657 1350 789 1413 sepone.

372 1435 517 1501 Massam
550 1436 586 1500 in
620 1436 859 1522 percolatorem
891 1437 1065 1501 inmissam
1104 1435 1236 1520 percols
1269 1455 1328 1518 per
1356 1430 1463 1497 mixta

329 1541 483 1628 spiritum
507 1547 540 1607 11
563 1563 682 1629 aquam
705 1543 785 1607 dum
809 1549 944 1628 paratae
966 1543 1034 1608 sint

429 1656 564 1727 partes
585 1648 858 1726 quadraginta
877 1691 1366 1710 .............
1425 1646 1463 1703 40

377 1747 403 1811 Ε
426 1769 492 1832 quo
515 1746 644 1832 liquore
667 1769 747 1832 para
770 1769 830 1832 per

428 1860 579 1911 81111111
606 1861 742 1930 partes
769 1856 982 1930 sexaginta
998 1895 1366 1914 ..........
1425 1850 1463 1908 60

428 1957 538 2022 811111
565 1957 699 2029 partes
727 1958 882 2009 centum
884 1993 1367 2011 .............
1408 1947 1464 2008 100

376 2049 517 2136 Sirupus
540 2047 754 2117 fuscoflavus.
1389 2049 1391 2056 ’

639 2277 876 2418 Sironis
925 2295 1155 2394 Sennea.

377 2457 523 2523 Infunde
545 2480 605 2544 per
628 2459 727 2523 horas
751 2460 770 2521 2

430 2570 593 2623 foliorum
613 2571 737 2622 8111111
759 2567 1006 2624 concisorum
1027 2571 1162 2642 partes
1183 2562 1329 2621 decem.
1363 2609 1370 2622 .
1430 2563 1466 2621 10

331 2684 434 2748 equae
456 2667 551 2728 tenta
574 2663 759 2748 quantitate
782 2668 820 2729 ut
843 2663 1001 2742 colatura,
1025 2684 1101 2729 cum
1124 2662 1299 2738 desederit,
1324 2661 1368 2726 sit

433 2771 606 2847 partium
627 2768 1033 2846 duodequadraginta
1040 2812 1368 2830 .........
1427 2766 1464 2824 38

380 2869 407 2932 E
430 2889 495 2953 qua
518 2867 667 2932 colatura
689 2889 770 2952 para
792 2888 851 2953 per

432 2981 582 3032 Sacchnri
611 2982 746 3051 partes
767 2975 982 3050 sexaginta
1002 2973 1098 3032 duas
1122 3017 1370 3032 .......
1429 2971 1466 3028 62
1587 3019 1590 3029 .

433 3077 542 3141 strepi
569 3079 704 3149 partes
725 3080 880 3130 centum
888 3114 1372 3130 .............
1412 3068 1468 3126 100

381 3167 522 3254 Sirupus
545 3169 684 3235 obscure
706 3169 831 3236 fuscus.

795 3321 1000 3332 —u-——uu

640 3416 876 3539 Sirupus
914 3420 1160 3540 simplex.

382 3577 491 3653 Solve,
516 3576 624 3642 calore
646 3577 807 3656 adhibite,

341 3761 347 3774 Ι
435 3689 587 3740 Bocchori
616 3691 751 3760 partes
779 3686 993 3761 sexaginta
1013 3683 1109 3743 duas
1127 3726 1374 3744 .......
1432 3681 1469 3739 62

339 3784 373 3826 m
436 3860 547 3921 Aquas
575 3851 762 3928 partibus
790 3850 1193 3929 duodequadraginta
1207 3895 1374 3912 .....
1432 3849 1470 3906 38

382 3947 506 4034 Liquor
529 3947 583 4013 fac
605 3949 751 4028 ebulliet,
775 3949 857 4027 cola,
881 3971 966 4034 eque
988 3950 1087 4028 dilue,
1111 3949 1191 4012 dum
1215 3951 1349 4032 paratae
1372 3945 1440 4010 sint

437 4062 574 4132 partes
595 4062 749 4114 eentum
765 4097 1375 4116 ...............
1414 4051 1471 4108 100

340 4152 481 4236 Sirupns
504 4151 625 4218 colosis
648 4173 775 4238 expers.
