3466 5038
344 491 435 538 XVIII

355 670 404 744 ¹Iu
437 667 629 733 nominibus
662 667 871 752 tangentium
906 667 1091 731 solutorum
1125 688 1193 731 vox
1228 667 1447 746 „solutionis”

319 776 494 842 brevitatis
518 796 618 840 causa
641 774 819 839 omittitur.

365 992 416 1053 11.
464 987 609 1052 Nomina
639 985 822 1071 ponderum
853 990 886 1050 et
916 985 1091 1050 modorum
1114 985 1261 1051 breviter
1284 987 1449 1052 scribendi

320 1095 439 1160 modus
463 1094 517 1158 hic
540 1097 608 1158 est:

354 1237 393 1302 G.
419 1236 643 1300 :Gramma
1023 1234 1103 1298 mM.
1128 1261 1161 1294 =
1189 1235 1427 1299 Millimetmm.

320 1344 394 1408 mG.
419 1370 453 1402 =
478 1342 723 1427 Milligramma.
1040 1341 1103 1406 cM.
1129 1368 1163 1400 =
1188 1340 1439 1407 Centimetrum

319 1451 390 1515 th
419 1476 453 1509 =
478 1448 720 1515 Centimotrum
744 1448 904 1513 cubicum.
1035 1447 1102 1512 dM.
1128 1475 1162 1508 =
1186 1448 1421 1513 Decimetrum.

368 1582 393 1632 μ
418 1582 451 1616 =
476 1556 612 1619 Mikron
635 1555 830 1637 (millimetri
857 1575 934 1640 pars
1058 1555 1103 1618 M.
1128 1580 1163 1614 =
1187 1555 1341 1619 Mettum.

477 1662 675 1745 millesima).

367 1877 418 1939 12.
465 1875 625 1938 Trutinae
647 1875 683 1937 in
704 1873 955 1938 medicamentis
974 1874 1131 1959 parandis
1147 1873 1354 1938 adhibendae
1370 1877 1448 1938 sunt

321 1983 439 2046 haece:

365 2089 405 2151 A.
445 2088 602 2151 Trutinae
610 2108 675 2172 per
687 2088 977 2170 miltt'prammata:
991 2086 1155 2171 capitibus
1168 2087 1314 2172 paribus,
1328 2087 1447 2173 quibus

321 2193 408 2281 quod
433 2194 563 2279 pondus
586 2194 768 2258 maximum
793 2194 987 2259 conceditur
1005 2193 1213 2278 pensandum
1232 2195 1321 2258 iuter
1340 2215 1449 2278 gram

320 2307 412 2365 mate
438 2302 478 2364 10
501 2305 534 2364 et
559 2302 600 2364 50
623 2300 823 2365 continetur.

368 2407 406 2472 B.
446 2408 603 2471 [Fr-atinae
619 2429 683 2490 per
703 2415 909 2489 praeamata:
929 2407 968 2492 Bl
987 2407 1152 2491 capitibus
1166 2406 1311 2491 paribue,
1329 2407 1449 2491 quibus

321 2514 410 2599 quod
432 2514 563 2600 pondus
585 2513 766 2577 maximum
790 2513 983 2578 conceditur
1005 2513 1213 2598 pensandum
1237 2513 1326 2577 inter
1340 2534 1449 2598 gram-

322 2626 411 2684 mata
436 2622 499 2684 100
523 2625 557 2684 et
581 2623 645 2684 250
669 2621 870 2697 continetur,
896 2621 949 2684 vel

367 2727 407 2812 B,
432 2726 552 2812 quibus
575 2725 664 2812 quod
687 2725 817 2811 pondus
839 2727 1021 2790 maximum
1037 2726 1228 2792 conceditur
1244 2725 1449 2812 pensandum

320 2835 410 2899 inter
431 2839 618 2918 grammata
644 2837 706 2898 250
730 2840 764 2898 et
790 2837 875 2899 1000
899 2836 1049 2899 continet
1092 2884 1099 2898 .

365 2940 439 3004 Hae
463 2942 610 3005 trutinae
632 2942 796 3006 sensibiles
819 2946 853 3006 et
876 2949 1050 3006 accuratae
1073 2947 1107 3005 et
1129 2948 1311 3006 constantes
1333 2944 1445 3004 sunto.

320 3067 352 3114 a.
389 3046 507 3111 Sintne
529 3049 692 3113 sessibiles
714 3050 928 3134 cognoscitur
942 3049 1104 3112 examinis
1120 3047 1289 3112 constanti
1306 3051 1449 3111 scentro

388 3153 617 3230 declinatione,
652 3155 688 3218 iu
722 3155 859 3219 trutinis
894 3155 1136 3220 oneratissimis
1155 3175 1259 3238 parvo
1283 3159 1449 3218 momento

388 3260 514 3324 effecta.
539 3260 631 3339 Quae
653 3261 832 3326 declinatio
855 3283 916 3347 pro
939 3262 1101 3326 examinis
1124 3260 1344 3347 longitudinis
1363 3259 1449 3324 deci-

388 3368 502 3432 metris
526 3367 666 3452 siugulis
689 3389 756 3432 non
780 3369 890 3432 minus
914 3390 1013 3453 quam
1036 3368 1262 3433 millimetrum
1286 3369 1305 3430 2
1329 3366 1382 3432 sit.

432 3493 639 3556 Momentum
662 3514 704 3556 ne
727 3492 882 3557 excedat:

454 3619 489 3680 iu
512 3617 649 3682 trutinis
672 3618 702 3680 A
758 3617 889 3702 pondus
912 3617 1218 3704 milligrammatum
1287 3621 1315 3681 5.

453 3725 489 3788 in
512 3725 648 3788 trutinis
672 3725 712 3808 Bl
756 3723 887 3810 pondus
911 3725 1217 3809 milligrammatum
1264 3726 1315 3787 50.

453 3832 489 3893 in
512 3831 649 3894 trutinis
673 3831 714 3916 B,
761 3830 892 3915 pondus
915 3831 1219 3916 milligrammatum
1242 3831 1316 3895 250.

322 3972 350 4036 b.
390 3971 507 4036 Siutne
519 3971 776 4037 accurataeinde
784 3974 1006 4058 cognoscitur,
1016 3973 1104 4059 quod
1112 3974 1147 4037 in
1156 3972 1283 4039 trutina
1291 3970 1450 4037 oneratis-

389 4079 481 4155 sima,
505 4099 580 4143 cum
604 4079 750 4162 pondera
774 4079 869 4144 sedes
891 4080 979 4145 inter
1002 4102 1037 4146 se
1060 4085 1261 4166 permutant,
1289 4075 1449 4142 examinis

389 4185 582 4250 extremitas
605 4207 625 4248 a
648 4190 740 4250 stetu
762 4187 884 4252 librato
903 4188 1013 4272 priore
1032 4209 1101 4251 non
1112 4188 1186 4272 plus
1198 4185 1339 4251 discedit
1351 4205 1449 4268 quam
