3544 5050
875 523 941 589 3⁷4

366 743 403 786 01⁸

342 741 365 806 p
440 837 551 896 Aquae
578 833 713 903 partes
751 824 1022 901 quadraginta
1049 827 1257 902 quinqua.
1291 873 1298 885 .
1332 873 1337 884 .
1372 873 1378 886 .
1436 827 1474 885 45

387 923 471 990 Oola
493 930 526 989 et
549 924 694 990 radicem
717 945 803 1009 aqua
826 922 1030 1009 superfundo
1053 923 1096 988 ad
1119 923 1302 990 colaturam

440 1032 614 1109 partium
634 1029 904 1108 qnadraginta
931 1075 1378 1089 ............
1437 1031 1475 1088 40

388 1130 415 1194 E
438 1151 504 1214 qua
525 1130 674 1195 colatura
697 1129 812 1194 statim
837 1151 916 1214 para
939 1150 999 1215 ρετ

439 1241 590 1294 saonam
618 1240 752 1313 partes
774 1236 989 1311 sexaginta
1009 1280 1376 1295 ..........
1436 1235 1474 1293 60

439 1339 548 1404 simpl
575 1341 709 1411 partes
737 1342 892 1393 eentum
894 1378 1376 1393 .............
1419 1333 1475 1390 100

386 1449 527 1535 Sirupus
550 1449 731 1526 subflavus,
755 1449 904 1535 spissior.

564 1751 800 1874 Sirenas
842 1752 1244 1848 terentianum.

387 1931 491 1997 Misce

437 2044 572 2096 (tertiata
612 2045 751 2096 fruetus
787 2045 940 2097 Anrnntfl
970 2039 1009 2096 in
1040 2039 1238 2115 pulverem
1270 2037 1313 2116 (A
1335 2041 1380 2118 1¹⁵)

479 2135 635 2194 redacti
662 2143 796 2214 partes
823 2136 950 2196 decem
968 2181 1376 2196 ...........
1436 2136 1472 2194 10

439 2241 549 2304 aquae
577 2235 762 2311 partibus
790 2236 939 2311 viginti
966 2236 1138 2312 quinque
1166 2279 1373 2294 ......
1432 2235 1469 2292 25

339 2338 372 2397 et
396 2353 455 2416 ρετ
478 2332 578 2397 horas
602 2335 642 2395 12
664 2333 700 2396 in
724 2353 802 2397 vase
825 2333 938 2398 olauso
961 2354 1094 2417 sepone.

385 2439 530 2503 Massam
564 2439 599 2502 in
630 2439 869 2524 percolatorem
899 2439 1070 2503 inmissam
1100 2459 1161 2524 ρετ
1190 2460 1309 2524 aquam
1341 2439 1472 2523 peroola

339 2545 419 2609 dum
442 2551 578 2629 paratae
600 2546 669 2610 sint

437 2659 571 2730 partes
593 2651 994 2729 duodequadraginta
1001 2697 1372 2712 ..........
1431 2651 1469 2708 38

386 2757 412 2821 Ε
435 2780 501 2844 quo
524 2759 652 2844 liquore
676 2781 756 2845 para
778 2781 837 2845 per

436 2871 587 2922 flaochari
614 2873 749 2943 partes
777 2867 989 2941 sexaginta
1010 2863 1106 2922 duas
1127 2909 1374 2925 .......
1433 2864 1470 2921 02

436 2969 544 3032 Sirupi
572 2969 706 3040 partes
728 2970 881 3023 eentum
890 3007 1374 3024 .............
1416 2962 1473 3019 100

384 3078 524 3165 Sirupus
548 3079 671 3157 fuscus,
695 3082 1020 3147 aromatiooamama.

512 3368 561 3467 -Ι-
594 3370 831 3494 Sirenas
865 3371 1214 3469 cinnamomi.

384 3532 487 3597 Misce

435 3645 571 3697 ῦοτιὶείι
604 3645 806 3699 Gimamoml
837 3642 876 3698 in
901 3641 1101 3718 pulverem
1123 3640 1201 3718 (Bm)
1222 3638 1380 3698 redacti

476 3745 610 3815 partes
632 3737 759 3797 decem
767 3783 1374 3799 ................
1435 3737 1471 3794 10

436 3843 546 3904 Aquae
573 3843 775 3895 cinnamomi
802 3835 988 3915 partibjus
1009 3838 1158 3912 viginti
1164 3879 1375 3896 ......
1433 3834 1471 3892 20

338 3936 372 3996 et
395 3953 454 4016 per
476 3935 575 3999 horas
601 3939 642 4000 12
664 3936 700 3999 in
724 3957 802 4001 vase
825 3937 937 4001 clauso
961 3957 1093 4021 sepone.

383 4038 527 4106 Massam
557 4043 593 4104 in
624 4043 863 4127 percolatorem
886 4043 1060 4107 inmissam
1083 4043 1215 4128 peroola
1238 4040 1331 4126 prius
1354 4059 1413 4122 ρετ

435 4155 546 4215 Aquae
572 4153 772 4205 cinnamomi
800 4155 933 4226 partes
956 4150 1104 4225 viginti
1127 4190 1375 4209 .......
1433 4145 1470 4202 20

337 4242 456 4308 deinde
479 4265 538 4330 ρετ
561 4267 679 4332 aquam
703 4247 782 4311 dum
807 4253 942 4333 paratae
966 4249 1034 4314 sint
