3530 5026
863 496 927 559 134

323 695 440 777 operta
463 689 517 755 sit.
558 689 766 755 Peroolatoro
789 690 911 768 clauso,
936 711 996 774 per
1019 691 1118 755 horas
1143 691 1185 754 24
1209 711 1340 777 sepone.
1377 690 1451 770 Quo

324 797 415 863 laeto
450 797 560 883 liquor
594 795 647 862 fao
682 796 835 862 stillatim
865 796 991 863 defluat
1015 802 1049 862 et
1071 819 1131 883 per
1153 798 1289 863 aethera
1312 799 1452 883 pereola,

323 904 402 969 dum
437 903 547 989 liquor
581 903 701 969 eoloris
735 902 806 969 fere
840 925 959 991 expers
989 904 1124 971 defluat.
1170 903 1326 970 Aetheris
1355 926 1454 991 quam

323 1011 502 1097 plurimum
536 1009 761 1076 destillatione
794 1032 947 1090 remove;
984 1033 1068 1098 quse
1104 1017 1303 1097 supererunt
1335 1011 1455 1076 leniter

323 1116 457 1196 oalfaoe,
481 1117 570 1196 dum,
593 1117 645 1182 vel
665 1117 871 1204 refrigerata,
892 1120 1107 1184 aetheranon
1119 1119 1261 1206 amplius
1272 1118 1453 1186 redoleant.

369 1223 566 1290 Extractum
601 1224 713 1291 Filiois
748 1224 853 1309 spisse
887 1225 1049 1311 liquidum
1084 1230 1144 1303 est,
1173 1224 1294 1290 eoloris
1318 1223 1455 1290 obscure

324 1331 451 1409 viridis,
479 1331 515 1395 in
538 1353 623 1417 aqua
646 1354 712 1396 non
736 1331 888 1410 solvitur,
911 1333 947 1395 in
970 1333 1104 1398 aethere
1128 1332 1280 1398 solvitur.

370 1437 454 1504 Cum
490 1438 632 1504 extracti
655 1438 926 1523 milligrammata
949 1441 1001 1516 25,
1026 1440 1061 1502 in
1084 1439 1229 1505 aetheris
1251 1438 1455 1504 centimetn's

325 1545 449 1611 cubicis
470 1547 622 1624 2soluta,
636 1567 710 1611 oum
722 1546 912 1610 commixtis
919 1567 1023 1632 aquae
1035 1545 1174 1631 barytae
1187 1550 1222 1611 et
1233 1568 1337 1633 equae
1349 1546 1451 1612 senti·

326 1653 441 1718 metris
479 1652 603 1718 cubicis
638 1653 749 1739 quinis
783 1654 834 1737 (5)
868 1658 1089 1740 conquassata
1123 1657 1230 1731 erunt,
1267 1674 1284 1716 e
1318 1652 1455 1738 liquoris

325 1760 441 1844 aquosi
475 1759 610 1825 filtratis
639 1781 699 1845 per
732 1759 817 1825 auidi
849 1760 1095 1845 hydroehlorioi
1117 1761 1339 1846 quantitatem
1364 1781 1454 1824 exee-

324 1864 458 1931 dentem
482 1866 735 1952 praecipitatum
758 1865 936 1932 floccosum
959 1867 1152 1932 secernitur.

370 1973 459 2038 Ante
481 1994 578 2038 usum
602 1977 789 2038 extractum
811 1973 968 2060 agitetur.

322 2098 437 2158 Doses
458 2098 638 2158 maximae
660 2099 820 2175 singulae
842 2101 1084 2176 grammatum
1104 2099 1134 2160 8.

323 2195 436 2258 Doses
450 2196 631 2257 maximas
645 2196 683 2256 ln
699 2197 805 2257 horas
818 2197 965 2258 vicenas
976 2199 1166 2271 quaternas
1177 2196 1417 2273 grammatum
1428 2195 1458 2256 8.

572 2570 866 2665 [attactum
912 2569 1213 2665 Gentianae.

371 2746 502 2811 Maoera
525 2768 585 2833 per
608 2748 708 2812 horas
733 2749 784 2824 24,
809 2746 1002 2833 frequenter
1024 2747 1166 2834 agitans,

424 2858 554 2912 Redlols
585 2859 763 2913 Gentlam
797 2855 837 2911 in
868 2852 998 2914 discos
1030 2862 1169 2914 tenues
1198 2853 1380 2910 concisae

464 2957 596 3027 partes
627 2958 779 3009 eentum
806 2994 1373 3011 ...............
1403 2950 1460 3008 100

325 3053 385 3117 per
425 3127 536 3190 Aquae
567 3127 701 3198 partes
733 3127 938 3179 sescentas
965 3163 1373 3180 ...........
1401 3118 1460 3177 600

372 3217 530 3305 Exprime
561 3224 595 3284 et
626 3239 770 3283 massam
795 3240 984 3304 expressam
1008 3219 1124 3284 eodem
1147 3219 1247 3284 modo
1270 3222 1378 3284 tracta
1399 3238 1459 3303 per

424 3334 534 3395 Aquas
562 3332 699 3402 partes
727 3331 933 3384 trecentas
965 3369 1374 3386 ...........
1401 3323 1460 3381 300

370 3423 498 3488 Iterum
517 3422 664 3508 exprime
684 3429 718 3488 et
737 3445 755 3487 e
774 3423 958 3509 liquoribus
975 3423 1161 3490 coniunctis
1180 3445 1262 3509 para
1273 3427 1458 3488 extractum

328 3529 481 3616 spissum.

373 3634 569 3703 Extractum
604 3637 789 3702 Gentianae
824 3643 876 3704 est
910 3638 1023 3704 odoris
1057 3638 1200 3725 proprii3
1235 3637 1350 3702 addita
1373 3656 1458 3721 aqua

327 3745 361 3827 (l
381 3767 414 3804 =
434 3745 500 3827 10),
524 3744 686 3831 liquorem
710 3743 848 3830 praebet
870 3744 1005 3824 clarum,
1030 3746 1158 3832 saporis
1180 3744 1294 3810 amari.

374 3849 526 3915 Extraoti
549 3872 699 3936 gramma
725 3855 753 3928 1,
777 3850 813 3914 in
835 3873 940 3936 aquae
963 3851 1168 3918 centimetn's
1190 3850 1315 3916 oubiois
1338 3850 1458 3914 9solu-

328 3962 409 4033 tum‚
435 3957 550 4023 addito
573 3957 659 4022 acidi
683 3957 929 4042 hydroohlorioi
951 3958 1048 4024 diluti
1072 3958 1268 4024 centimetro
1291 3956 1407 4023 cubico
1427 3959 1456 4032 1,

327 4063 581 4148 praecipitatum
605 4068 763 4142 secernat,
788 4064 887 4150 quod,
911 4063 1027 4129 addito
1051 4063 1180 4149 spiritu,
1205 4062 1356 4128 solvitur.
