3582 5034
873 515 936 581 317

335 717 378 781 ab
401 715 599 802 asparagino
627 712 769 791 oriundi,
794 712 829 775 in
852 710 995 776 diversis
1019 709 1155 777 cellulis.
1181 711 1294 775 Pulvis
1306 732 1366 797 per
1378 713 1464 776 solu·

335 822 460 886 tionem
479 821 631 906 hydratis
655 820 757 885 kalici
768 818 943 884 fortiorem
955 819 1100 883 colorem
1112 817 1198 883 clare
1210 817 1338 882 flavum
1350 818 1463 883 trahit.

379 928 471 993 Odor
492 929 653 1015 exiguus,
678 948 777 1012 sapor
800 925 925 1003 fatuus,
950 925 1217 1010 mucilaginosus.

378 1035 510 1102 Radicia
534 1035 694 1100 Althaeae
717 1033 825 1119 pulvis
848 1032 1042 1097 combustus
1062 1031 1182 1096 cineris
1201 1032 1470 1117 partescenteai-,

334 1163 404 1206 mas
428 1143 448 1206 3
472 1141 514 1206 ad
540 1142 558 1208 7
582 1141 760 1226 relinquat.

411 1433 461 1531 ÷
496 1437 661 1529 Radix
694 1436 1053 1529 timor-aciae
1088 1461 1302 1530 reeens.

376 1614 485 1678 Radix
506 1634 733 1698 recensquanr
750 1612 887 1698 praebet
912 1611 1174 1678 Cochlearia
1197 1614 1460 1691 Armoracia,

332 1719 430 1784 Llsu.
463 1721 520 1806 Sp.
553 1720 600 1784 Pl.
625 1725 649 1784 t.
675 1721 749 1797 648,
775 1725 924 1784 extremo
948 1723 1109 1784 autumno
1133 1721 1187 1784 vel
1210 1721 1318 1805 primo
1342 1743 1419 1785 vere
1442 1743 1462 1785 a

333 1827 456 1910 plantis
479 1826 579 1891 cultis
602 1825 751 1891 collecta.

374 1968 514 2034 Radices
556 1968 626 2033 iere
660 1967 871 2053 cylindn'cae,
907 1967 1100 2053 plerumque
1134 1969 1330 2034 centimetra
1364 1970 1405 2033 ad
1443 1973 1461 2034 2

330 2095 468 2152 crassae,
493 2076 613 2160 longae
636 2076 834 2161 plusquam
857 2075 1054 2140 centimetra
1078 2078 1129 2153 30,
1155 2097 1253 2161 saepe
1265 2077 1463 2142 cicatriculis

332 2181 708 2266 semiamplexicaulibus
742 2183 778 2246 iu
813 2183 1026 2247 extremitate
1049 2183 1228 2267 superiore.
1264 2183 1462 2268 Superficies

334 2286 453 2371 pallide
495 2287 689 2368 flavofusca‚
730 2289 812 2353 satis
846 2289 939 2353 levis.
974 2289 1070 2354 Intra
1102 2289 1206 2366 albae,
1242 2288 1462 2354 coriaceocar-

333 2414 447 2474 nosae;
472 2394 620 2461 fractura
643 2395 736 2460 levis.

375 2500 529 2588 Integrae
563 2507 642 2568 sunt
676 2503 788 2568 odoris
823 2508 984 2588 expertes,
1020 2509 1179 2568 contusae
1202 2503 1311 2567 oleum
1335 2503 1461 2588 sinapis

331 2606 496 2688 redolent;
522 2631 621 2695 sapor
644 2631 728 2689 acer,
753 2610 935 2696 sinapinus.

796 2801 995 2810 ——-———

569 2934 619 3032 ÷
654 2939 819 3031 Radix
863 2937 1136 3032 talanta.

375 3113 514 3180 Radices
556 3115 770 3181 secundariae
809 3137 891 3201 quaa
926 3115 1062 3201 praebet
1099 3116 1353 3181 Iateorhiza
1388 3115 1459 3182 Oo-

330 3218 479 3298 iumba,
516 3222 638 3300 MluRS,
675 3223 709 3286 in
744 3223 857 3287 Hook.
898 3223 1003 3307 Niger
1038 3223 1085 3287 Fi.
1123 3225 1197 3300 214,
1233 3222 1268 3285 in
1298 3228 1387 3300 nota,
1423 3224 1458 3287 in

330 3325 437 3392 diacos
460 3333 670 3393 transversos
693 3329 866 3394 dissectae.

373 3486 571 3574 Plerumque
601 3489 683 3555 disci
707 3489 870 3554 diametro
894 3489 937 3554 ad
960 3489 1156 3555 centimetra
1179 3492 1209 3567 8,
1233 3489 1336 3555 crassi
1359 3489 1403 3553 ad
1427 3492 1457 3567 2;

327 3593 425 3672 leves,
460 3594 545 3672 duri,
581 3595 726 3680 fragiles,
770 3596 1034 3661 suborbiculares
1068 3597 1110 3660 ad
1141 3598 1263 3674 orales,
1298 3596 1458 3662 lateribus

327 3700 436 3784 planis
459 3702 613 3766 concavis
636 3707 753 3787 utpote
777 3703 918 3780 siccatis,
943 3703 978 3767 in
990 3703 1100 3767 medio
1113 3725 1210 3789 saepe
1222 3704 1455 3783 crassioribus;

327 3806 362 3870 in
384 3811 527 3893 utroque
549 3808 652 3872 latere
675 3808 775 3893 plano
799 3831 896 3894 saepe
910 3810 1151 3886 zonae3ve14,
1166 3809 1301 3894 paulum
1313 3811 1454 3896 iniquae,

326 3912 479 3978 diversae
502 3914 698 3998 praesertim
721 3917 755 3978 vi
779 3915 909 3993 coloris,
933 3937 1001 3979 nou
1025 3918 1260 3980 convenientes
1283 3938 1358 3980 cum
1371 3917 1456 3981 telae

325 4020 487 4104 partibus.
534 4021 732 4105 Superficies
767 4021 912 4086 exterior
941 4043 1073 4107 rugosa,
1099 4045 1116 4086 e
1139 4022 1238 4086 viridi
1260 4021 1454 4088 flavoiusca.

324 4125 366 4190 In
377 4125 489 4191 radice
500 4132 997 4213 transversepersectastratunr
1007 4130 1201 4194 suberosum
1208 4135 1308 4195 tenue
1317 4151 1324 4208 ;
1341 4134 1457 4195 cortex

325 4237 358 4298 et
393 4232 548 4317 phloema
583 4234 814 4299 secundarium
837 4257 948 4301 crassa
971 4236 1161 4301 millimetra
1183 4237 1253 4302 fere
1278 4241 1307 4315 5,
1332 4234 1456 4301 crebris
