3466 5038
781 449 820 511 15

279 642 375 707 Aerdi
397 643 504 709 eitnei
527 647 712 727 grammate
736 646 755 706 5
778 643 814 705 in
837 642 1023 706 ammoniae
1046 643 1252 707 centimetrie
1271 621 1361 706 eubi-

239 749 282 813 oie
317 752 358 813 12
382 749 494 814 soluta
516 771 557 814 ne
579 749 695 814 addito
718 747 813 814 auido
836 749 1108 834 hydroeuliurioo
1131 771 1214 813 neve
1238 747 1362 813 sulfate

238 856 354 922 ealcioo
376 857 523 941 (acidum
546 857 725 942 nauticam)
748 856 891 940 speeiem
913 861 1055 921 mutent.

279 963 375 1028 Aeidi
408 965 514 1029 citrioi
548 964 697 1049 pulveris
720 985 870 1050 gramma
895 968 923 1042 1,
950 963 1075 1028 additis
1098 964 1239 1028 aeetatis
1261 963 1362 1026 kalioi

238 1075 415 1154 grammate
441 1076 457 1134 l
483 1078 518 1137 et
540 1093 646 1156 aquae
668 1071 874 1136 centimetrie
898 1070 1022 1135 cubicis
1046 1073 1076 1146 3,
1095 1070 1257 1155 liquorem
1270 1091 1362 1154 prae-

240 1175 312 1240 beat
334 1179 460 1242 clarum
483 1179 630 1263 (acidum
652 1178 871 1261 tartaricum).

280 1283 371 1363 Quae
392 1285 434 1348 de
457 1284 555 1350 Aeidi
577 1285 684 1350 citrioi
708 1290 892 1371 grammate
918 1286 934 1348 1
960 1283 1134 1350 combusto
1154 1289 1362 1368 supererunt,

240 1391 411 1474 ponderari
423 1397 612 1477 nequeant.

357 1903 407 2003 -Ι-
440 1907 651 2002 Aridum
694 1907 1160 2060 hydrobromioun.

424 2103 567 2169 Acidum
592 2103 887 2189 hydrobromieum
911 2103 1190 2188 quadrinormale.

280 2261 381 2326 Solve

334 2374 476 2426 mmet!
509 2374 610 2428 kanni
648 2370 687 2428 in
725 2369 927 2446 pulverem
961 2369 1122 2428 reducti
1154 2375 1291 2445 partes

373 2465 503 2525 decem
508 2511 1282 2528 ....................
1334 2467 1370 2523 10

239 2563 272 2627 in
298 2563 412 2630 mixtis

316 2675 407 2729 nolui
426 2675 574 2728 :ammiel
602 2670 792 2748 partibus
821 2670 1006 2728 undecim
1037 2712 1285 2729 .......
1335 2670 1368 2726 11

237 2773 276 2832 et

335 2882 446 2945 Aquae
473 2874 661 2952 partibus
689 2873 820 2932 decem
834 2916 1285 2934 ............
1335 2872 1371 2929 10

284 2988 425 3054 Destilla
447 2990 528 3054 dum
548 3012 631 3075 quae
653 2994 782 3055 retorta
803 2991 954 3055 eontinet
973 2990 1170 3054 solideooero
1189 2989 1368 3073 coeperint.

284 3095 460 3162 Destillata
494 3098 640 3162 rectifioa
669 3102 704 3162 et
721 3098 884 3182 liquorem
907 3097 1148 3163 redeetillatum
1171 3117 1257 3180 aqua
1280 3095 1369 3159 dilue

238 3201 318 3265 dum
341 3207 410 3268 tam
433 3203 534 3268 fortis
557 3195 667 3270 iaetus
690 3203 735 3270 sit
758 3225 857 3289 quam
880 3205 1121 3289 praescriptum
1145 3203 1219 3268 erit.

285 3307 409 3395 Liquor
448 3311 570 3375 eoloris
612 3333 739 3396 expers,
782 3311 900 3388 clerus,
937 3309 1062 3388 acidus,
1097 3310 1154 3396 qui
1187 3307 1369 3373 calefactus

242 3419 333 3479 totus
356 3417 536 3482 evanescit.
562 3417 696 3481 Pondus
719 3415 909 3501 speeifioum
935 3418 1042 3494 1324.

283 3521 379 3586 Aoidi
403 3522 651 3610 hydrobromioi
675 3523 872 3587 centimetro
895 3521 1011 3586 oubioo
1033 3518 1369 3585 loumehloroformi

240 3629 443 3695 centimetris
460 3630 585 3696 oubioie
598 3633 618 3693 3
631 3634 666 3694 et
676 3650 781 3715 aquae
793 3629 963 3694 chloratae
974 3627 1178 3693 centimetris
1190 3624 1315 3690 cubicis
1328 3627 1368 3687 10

240 3744 471 3822 conquassato,
485 3740 628 3801 stratum
640 3733 857 3800 chloroformi
866 3735 1009 3799 eolorem
1018 3733 1244 3798 flavorubrum
1253 3731 1367 3795 trahIt.

238 3841 361 3907 Addito
385 3845 511 3908 nitrate
534 3843 715 3928 argentiue,
741 3841 882 3905 Acidum
902 3840 1194 3927 hydrobromioum
1210 3837 1369 3924 praeeipi-

239 3953 342 4014 tetum
376 3950 583 4016 flevoalbum
615 3949 761 4034 deponit,
794 3948 883 4032 quod
913 3949 947 4012 in
977 3949 1144 4013 ammonia
1173 3968 1241 4010 non
1273 3942 1371 4007 facile

239 4056 387 4124 solvitur.

277 4165 420 4231 Acidum
445 4162 743 4250 hydrobromioum
767 4161 909 4226 mixtum
935 4182 1040 4247 aquae
1059 4156 1283 4226 voluminibus
1305 4157 1371 4218 5et
