3466 5038
802 497 845 560 43

252 691 439 756 ammoniae
470 689 657 776 quantitate
687 689 869 768 excedenti,
899 690 1051 769 solvitur,
1076 713 1142 776 quo
1165 691 1256 757 iacto
1278 693 1389 778 liquor

253 797 371 863 coloris
394 819 518 882 expers
540 797 594 862 sit.

293 904 441 988 Argenti
480 924 522 967 ex
558 905 709 988 Argento
750 901 870 967 foliato
912 903 1022 969 soluto
1056 905 1093 968 in
1125 905 1221 970 acido
1255 905 1385 982 nitrico,

252 1031 354 1096 equae
378 1009 552 1075 volumine
574 1010 698 1094 duplici
722 993 838 1087 dilate,
864 1031 923 1094 per
941 1010 1073 1075 acidum
1097 1011 1387 1096 hydrochloricum

253 1117 465 1202 praecipitati
509 1117 644 1194 filtratu,
687 1137 747 1201 per
779 1115 980 1181 ammoniam
1014 1117 1193 1183 reactionis
1227 1118 1388 1184 alcalinae

253 1223 346 1302 fecta,
373 1223 494 1288 addito
517 1222 750 1308 suiiohydrate
772 1225 967 1301 ammonic0,
992 1225 1135 1309 speciem
1158 1246 1201 1289 ne
1223 1231 1364 1290 mutent.

420 1576 729 1675 ÷irsenas
767 1581 1024 1674 natrices.
1060 1579 1143 1674 ΕΙ.

677 1729 778 1800 Socii
800 1729 964 1798 Arsanus.

656 1844 984 1931 Ne2HAs04JH20.

295 1969 469 2056 crystalla
492 1970 615 2035 coloris
633 1971 792 2056 expertia,
809 1968 988 2054 perlucide,
1006 1991 1082 2034 aere
1098 1991 1165 2036 non
1183 1969 1384 2048 fatiscentia,

254 2077 454 2161 prismatica.
478 2078 625 2142 Arsenas
636 2076 783 2141 natricus
794 2076 830 2139 in
841 2098 947 2161 aquae
959 2076 1111 2161 partibus
1124 2079 1144 2140 4
1156 2081 1190 2142 et
1201 2078 1237 2141 in
1248 2077 1388 2162 spiritus

254 2185 403 2268 partibus
428 2185 469 2250 55
493 2183 646 2248 solvitur.

296 2291 443 2356 Arsenas
472 2291 621 2355 natricus
649 2288 816 2354 flammam
849 2311 918 2354 non
952 2290 1115 2354 lucentem
1148 2291 1258 2355 colore
1291 2290 1387 2355 valde

254 2395 339 2462 flavo
358 2397 474 2462 inficit.
499 2396 541 2460 In
559 2417 646 2482 aque
664 2398 804 2478 (1:10)
818 2397 948 2461 solutus
964 2397 1114 2462 chartam
1128 2397 1386 2482 exploratoriem

254 2504 386 2569 mbram
410 2505 595 2570 oaemleam
617 2503 739 2582 reddit,
758 2502 874 2567 addito
893 2504 1018 2568 nitrete
1030 2504 1210 2591 argentico,
1226 2503 1386 2589 praecipi-

256 2615 361 2675 tatum
392 2609 627 2676 fuscorubrum
657 2609 803 2695 deponit,
835 2609 925 2694 quod
953 2610 989 2673 in
1020 2609 1115 2674 acido
1142 2610 1264 2675 nitn'co
1287 2615 1321 2674 et
1350 2611 1385 2674 in

255 2718 419 2783 ammonia
441 2716 541 2782 facile
563 2716 717 2782 solvitur.

298 2825 338 2888 In
361 2823 745 2910 aque(1=10)solutus,
762 2823 849 2887 acidi
861 2821 1388 2906 hydrochloricivolumincdimi·

255 2929 317 3008 dio,
349 2932 470 2997 deinde
500 2952 606 3016 aquae
631 2929 926 3016 hydrosulfuratae
956 2929 1029 3015 pari
1058 2929 1228 2994 volumine
1250 2929 1385 3006 mixtus,

256 3059 320 3102 non
336 3037 634 3115 stetimtnrbatur3
646 3036 828 3102 calefactus
837 3036 1093 3121 praecipitatum
1105 3034 1229 3100 flavum
1237 3034 1385 3120 deponit.

298 3143 474 3208 Arsenatis
507 3143 628 3208 natrici
657 3143 967 3228 milligrammatum
999 3144 1063 3208 100
1093 3143 1129 3206 in
1153 3142 1239 3207 acidi
1263 3142 1387 3226 hydro-

255 3249 389 3316 chlorici
422 3249 522 3314 diluti
555 3249 760 3314 centimetris
784 3249 908 3314 cubicis
934 3253 975 3314 10
998 3250 1185 3315 solutorum
1208 3254 1251 3327 et,
1276 3249 1386 3314 calore

256 3356 413 3434 adhibito,
437 3377 497 3442 per
519 3356 650 3422 acidum
673 3356 980 3441 hydrosulfuricum
1003 3356 1154 3421 arsenico
1169 3355 1386 3420 liberatorum

256 3461 388 3541 filu-ata,
412 3484 473 3549 per
494 3463 695 3527 ammoniam
717 3462 897 3527 reactionis
920 3462 1082 3527 alcalinae
1104 3461 1245 3538 reddita,
1270 3461 1386 3526 addito

257 3569 402 3634 chloreto
425 3569 548 3634 calcico
570 3591 612 3632 ne
634 3568 813 3633 turbentur
835 3569 1043 3656 (ptoeptuo).

297 3661 461 3740 menate
480 3675 608 3740 natrice
620 3674 741 3740 caloris
753 3675 860 3760 gradu
873 3677 953 3741 150⁰
964 3675 1098 3752 siccato,
1114 3673 1195 3739 salis
1211 3673 1385 3758 enhydrici

258 3787 368 3864 partes
391 3781 591 3846 centesimae
614 3783 690 3858 59‚5
713 3781 756 3846 od
780 3781 855 3860 59,7
879 3782 1059 3866 supersint.

299 3887 475 3952 Arsenatis
498 3887 617 3952 notrici
639 3886 912 3973 milligremmata
936 3889 1001 3952 500
1020 3907 1096 3950 cum
1111 3886 1147 3949 in
1162 3905 1267 3970 aquae
1282 3885 1385 3949 centi-

258 3993 373 4057 metris
408 3992 531 4058 cubicis
565 3995 607 4058 20
637 3995 757 4071 soluta,
789 3993 944 4078 deinceps
974 3993 1160 4057 ammoniae
1189 3989 1387 4055 centimetra

260 4098 374 4162 cubica
392 4099 423 4174 5,
443 4100 606 4164 mixturae
621 4099 811 4185 magnesiae
826 4099 1022 4164 centimetre
1037 4097 1153 4163 cubica
1173 4098 1224 4174 15,
1246 4094 1385 4179 spiritus

261 4204 457 4268 centimetra
478 4205 592 4270 cubica
614 4208 655 4270 20
677 4205 802 4282 addita,
827 4205 1082 4290 praecipitatum
1100 4203 1289 4289 depositum
1309 4204 1388 4282 post
