3466 5038
1323 467 1390 515 XIII

50 659 221 714 tristatum
314 645 374 708 17.
424 645 586 710 Mandatu
609 646 675 710 viri
691 646 959 711 excellentissimi
972 645 1163 712 Consiliarii
1175 646 1270 731 Regii
1283 646 1414 711 erebus

43 751 159 800 mmm
169 750 229 802 ⁸1⁶¹·
262 751 420 816 internis
442 757 645 818 retractatae
668 760 765 818 sunt:

310 897 347 940 α.
375 875 492 940 tabule
515 899 728 955 venenorum,
753 899 838 963 quae
859 879 896 942 in
908 878 994 942 areis
1005 879 1128 943 clausis
1139 878 1304 943 servanda
1316 885 1411 956 sunt;

312 1001 343 1064 b.
371 1000 490 1064 tabula
511 1022 727 1080 venenorum,
740 1024 834 1088 quae,
849 1003 1029 1067 dummodo
1040 1022 1135 1068 cruce
1146 1003 1297 1067 camum
1307 1002 1412 1066 mani-

375 1106 465 1174 feste
487 1109 622 1195 signata
645 1110 724 1188 sint,
749 1115 845 1175 extra
869 1131 964 1175 arcas
988 1111 1117 1176 clausas
1140 1110 1267 1176 servari
1289 1110 1377 1174 lieet.

422 1215 530 1281 Nobis
553 1217 589 1280 in
611 1223 692 1281 voto
715 1222 767 1282 est
793 1239 920 1282 venene
938 1218 975 1280 in
997 1217 1413 1282 tabulaaindicataoruce

376 1323 482 1387 crebra
504 1324 631 1410 signari
666 1330 700 1389 et
734 1346 755 1388 a
788 1325 926 1389 venenis
960 1326 996 1388 in
1030 1325 1146 1389 tabula
1169 1325 1187 1386 b
1211 1324 1412 1398 enumeratis

377 1430 525 1514 seposita
557 1431 593 1494 in
627 1434 713 1496 arcis
748 1431 911 1516 separatis
937 1432 1080 1509 servari3
1106 1431 1203 1496 simul
1225 1453 1355 1496 venena
1377 1431 1412 1494 in

377 1535 493 1600 tabula
515 1537 534 1599 b
555 1537 713 1614 indicata,
738 1538 837 1602 etiam
861 1538 889 1602 si
912 1539 948 1602 in
971 1539 1058 1602 arcis
1081 1538 1203 1602 clausis
1226 1542 1411 1614 servantur,

377 1663 474 1707 cruce
498 1644 648 1708 caerulea
670 1645 810 1730 signari;

312 1787 343 1831 c.
380 1767 494 1831 tabula
524 1789 709 1852 corporum,
742 1791 826 1854 quae
861 1774 991 1854 spectet
1022 1769 1140 1834 titulus
1164 1771 1235 1833 301¹·
1256 1768 1355 1854 Legis
1378 1767 1409 1833 d.

379 1873 541 1938 Kalendis
572 1874 678 1939 Iuniis
701 1877 739 1940 ai.
764 1874 1013 1942 MDCCCLXV
1036 1875 1077 1940 de
1100 1880 1172 1940 erte
1197 1877 1410 1961 pharmaceu-

378 1981 447 2044 tica
470 1981 653 2046 exercende
676 1983 772 2065 (Acta
799 1982 931 2067 publica
954 1984 1002 2046 n⁰.
1028 1985 1098 2064 61);

317 2105 353 2168 d.
381 2105 496 2169 tabula
518 2107 842 2186 medicamentorum,
867 2128 1007 2192 quorum
1020 2107 1148 2183 medici,
1162 2106 1300 2191 quirem
1313 2107 1410 2189 phar-

379 2213 597 2276 maceuticam
620 2214 803 2298 attingunt,
827 2214 958 2298 copiam
981 2213 1103 2278 habere
1126 2212 1257 2276 debent.

80 2437 187 2492 reterre.
319 2427 377 2488 18.
424 2424 466 2488 In
489 2426 790 2511 Pharmaeopoeem
812 2431 965 2510 receptae
989 2431 1068 2490 sunt
1079 2425 1212 2489 tabulae
1223 2424 1411 2500 nonnullae,

268 2553 361 2617 quas
385 2533 456 2596 sive
467 2531 511 2595 ed
523 2533 727 2617 praescripta
739 2533 949 2618 exsequenda
962 2533 1032 2596 sive
1045 2532 1089 2596 ad
1100 2553 1196 2595 usum
1209 2531 1412 2594 cotidianum

267 2639 484 2702 necessarias
506 2639 560 2702 vel
583 2639 746 2723 optabiles
768 2660 841 2705 esse
865 2639 1030 2724 apparuit.
1073 2637 1193 2702 Modus
1216 2637 1412 2700 Pharmaco-

268 2765 391 2829 poeae,
428 2745 484 2828 qui
518 2745 647 2810 ratione
682 2767 747 2830 qua
781 2747 942 2810 nonnulle
975 2747 1086 2829 eapite
1121 2745 1292 2809 elaborata
1321 2748 1410 2818 sunt,

268 2852 341 2914 iam
375 2851 459 2916 satis
493 2852 621 2937 amplus
656 2853 765 2917 lactus
797 2860 857 2929 est,
889 2875 931 2916 ne
955 2857 1142 2937 augeretur,
1167 2851 1300 2915 tabulae
1323 2871 1411 2914 com-

268 2957 399 3044 plures
436 2979 520 3042 quae
554 2959 590 3020 in
623 2959 910 3044 Pharmacopoeae
944 2958 1106 3022 editiones
1146 2957 1333 3041 superiores
1365 2978 1413 3019 se-

268 3069 417 3150 paratae
445 3071 598 3150 receptae
625 3072 713 3142 sunt,
744 3067 780 3129 in
810 3067 872 3130 hac
903 3066 1049 3129 editione
1084 3085 1158 3128 cum
1187 3063 1296 3127 indice
1331 3067 1410 3126 sunt

270 3171 485 3235 coniunctae.

320 3315 427 3379 Tituli
448 3314 644 3393 tabularum,
669 3336 754 3400 quae
773 3321 946 3399 seperatus
965 3318 1118 3397 receptae
1130 3317 1218 3388 sunt,
1230 3311 1266 3373 in
1277 3310 1410 3374 brevius

270 3422 442 3488 contracti
464 3421 555 3485 infra
577 3423 693 3507 scripti
715 3427 808 3486 sunt:

342 3563 372 3627 Ι.
419 3563 548 3627 Tabula
569 3563 752 3650 Reagentia
775 3564 959 3628 continens.

318 3707 367 3772 ΙΙ.
415 3705 543 3770 Tabula
566 3705 725 3791 Liquores
749 3705 977 3771 titrimetricos
1001 3704 1185 3769 continens.

301 3849 371 3915 ΙΠ.
418 3848 565 3913 Tabulae
585 3848 769 3914 indicentes
793 3848 940 3934 pondera
951 3847 1103 3932 specifica
1114 3845 1316 3910 solutionum
1328 3864 1410 3906 non-

424 3955 590 4019 nullorum
613 3955 708 4020 alceli
730 3962 764 4020 et
787 3955 957 4019 aeidorum
980 3959 1013 4019 et
1030 3975 1114 4038 quee
1126 3951 1212 4016 ratio
1224 3949 1410 4013 intercedat

425 4063 515 4126 inter
536 4082 649 4124 eorum
670 4063 853 4145 ponderum
866 4062 1011 4146 partium
1029 4059 1283 4124 centesimarum
1295 4077 1408 4118 nume-

425 4189 482 4234 ros
505 4173 540 4232 et
561 4188 714 4234 numeros
736 4169 975 4234 titrimetrieos.
