3530 5026
834 490 898 554 133

300 705 427 771 sepone,
451 683 573 750 deinde
597 706 749 763 massam,
774 684 905 771 saepius
928 684 1049 750 leviter
1071 705 1233 770 premens,
1257 683 1293 748 in
1312 705 1425 769 porco·
1472 751 1474 756 ,

299 791 435 858 latorem
458 792 592 858 inmitte
615 796 650 857 et
671 792 805 880 percolo
826 814 886 878 per
909 791 1015 858 mixta

393 905 534 970 Spiritus
560 899 712 958 volumina
733 900 1015 978 trigintaquinque
1054 941 1342 958 ........
1390 897 1428 955 35

300 984 332 1044 ek
393 1077 504 1139 Aquae
525 1068 680 1128 volumina
700 1069 861 1146 sexaginta
881 1069 1013 1146 quinque
1054 1110 1343 1128 ........
1390 1067 1428 1124 65

299 1165 375 1231 dum
398 1171 534 1252 paratae
558 1167 628 1233 sint

394 1280 529 1351 partes
549 1275 759 1351 octoginta
772 1316 1342 1333 ...............
1390 1270 1430 1334 80

342 1373 441 1436 Hunc
471 1372 634 1458 liquorem
665 1377 853 1459 separatum
877 1393 974 1437 serva
996 1376 1031 1437 et
1052 1371 1221 1457 percolere
1244 1392 1345 1456 perge
1367 1391 1428 1455 per

298 1478 402 1544 mixta
435 1499 537 1565 supra
570 1478 661 1544 dicta
695 1480 850 1566 spiritum
878 1483 912 1544 et
942 1501 1070 1565 aquarn,
1102 1479 1182 1543 dum
1206 1500 1253 1556 ea,
1277 1499 1362 1564 quae
1385 1476 1426 1542 dc

298 1585 435 1673 liquoris
457 1586 635 1653 defluentis
658 1587 766 1673 guttis
790 1588 832 1651 20
852 1585 1041 1672 evaporatio
1053 1588 1261 1671 supererunt,
1275 1584 1311 1649 in
1322 1605 1427 1670 aquae

298 1695 501 1760 centimetris
535 1694 660 1761 cubicis
692 1694 854 1773 5solute,
889 1693 1006 1759 addito
1028 1693 1169 1758 taunino
1192 1714 1260 1757 nou
1284 1692 1427 1777 amplius

299 1801 483 1867 turbentur.
531 1803 624 1868 Haec
647 1802 816 1888 percolata
839 1823 984 1887 evapora
1006 1801 1048 1864 ad

394 1915 531 1986 partes
553 1909 704 1986 viginti
732 1950 1342 1969 ................
1391 1905 1430 1962 20

299 2027 377 2091 quas
396 2007 506 2071 solves
518 2007 553 2070 in
564 2007 742 2093 percolatie
754 2007 846 2092 prius
858 2007 1015 2084 collectis,
1027 2006 1107 2070 dum
1119 2009 1229 2070 totum
1240 2003 1371 2090 pondus
1383 2003 1429 2068 sit

393 2115 569 2191 partium
590 2121 745 2172 centum
773 2157 1342 2173 ...............
1372 2110 1430 2168 100

342 2211 518 2298 liquorem
552 2233 611 2298 per
645 2211 715 2277 dies
740 2213 758 2278 7
782 2213 856 2277 loco
879 2210 1004 2296 frigido
1027 2231 1160 2296 sepone,
1185 2209 1304 2273 deinde
1326 2208 1426 2273 filtra.

342 2317 465 2404 Liquor
487 2318 604 2396 clarus,
629 2319 768 2385 obscure
791 2317 915 2384 fuscus.
959 2316 1093 2382 Pondus
1116 2316 1305 2401 specificam
1328 2315 1427 2393 0,990

300 2423 339 2488 sd
363 2426 472 2503 0‚995.

343 2531 539 2598 Extractum
574 2531 800 2618 Gondurango
835 2529 997 2618 liquidum
1032 2529 1145 2596 odoris
1168 2534 1203 2595 et
1225 2529 1354 2614 soporis
1377 2533 1428 2594 est

300 2639 479 2717 aromatici,
502 2639 681 2705 coactionis
704 2640 824 2705 leviter
847 2638 969 2705 scidae.

343 2746 495 2812 Extracti
529 2744 755 2832 Condurango
778 2744 896 2832 liquidi
926 2744 1115 2812 centimetri
1138 2742 1245 2809 cubici
1270 2746 1428 2828 Laqueo

298 2853 501 2919 centimetris
524 2853 649 2919 cubicis
673 2856 715 2918 20
734 2853 832 2918 mixti
843 2858 877 2918 et
888 2851 1047 2929 concocti,
1060 2851 1323 2936 filtrstaparata,
1337 2855 1428 2934 post-

297 2981 394 3046 quum
412 2960 626 3038 refrixerunt,
639 2981 714 3026 cum
726 2960 891 3038 calefiunt,
905 2958 1091 3036 turbentur,
1108 2979 1182 3023 cum
1194 2955 1427 3040 refrigescunt,

296 3088 410 3132 rursus
433 3067 628 3133 clarescant.

341 3174 537 3240 Extractum
561 3171 788 3261 Condurango
811 3173 974 3260 liquidum
996 3173 1032 3236 in
1055 3171 1174 3236 balneo
1192 3191 1428 3256 aquaeevspo-

294 3285 404 3346 ratum
427 3286 539 3367 partes
562 3281 760 3347 centesimas
786 3283 827 3344 18
850 3280 892 3346 ad
917 3281 959 3343 20
981 3279 1158 3365 relinquat.

588 3568 885 3661 [structum
936 3563 1136 3659 filicis.

342 3707 555 3794 Superiunde

393 3821 550 3874 thoma
571 3821 680 3875 filiola
704 3816 744 3873 in
764 3813 1062 3892 pulverem(B10)
1083 3811 1292 3871 redactum
1312 3816 1430 3888 atque

435 3914 557 3974 denuo
578 3915 772 3974 siccatum

296 4009 333 4074 in
355 4011 560 4096 percolatore

396 4125 546 4188 lethus,

297 4213 376 4279 dum
398 4215 507 4302 liquor
529 4217 675 4282 defluere
698 4217 837 4304 incipiat
859 4222 894 4281 et
917 4236 1025 4281 mussa
1044 4215 1189 4282 aetheris
1208 4215 1317 4278 strato
1337 4211 1429 4276 tenui
