3544 5050
860 506 923 571 377

325 703 444 768 caloris
467 701 573 786 gradu
597 699 666 765 fere
691 701 748 766 50ο
770 699 894 766 caliace
917 723 977 786 per
1000 702 1115 765 horam
1142 705 1158 764 1
1184 701 1237 764 vel
1258 705 1327 765 tam
1351 701 1409 765 diu
1420 707 1458 766 ut

325 810 449 887 charta,
483 809 597 874 iodeto
628 809 737 873 kalico
760 829 836 872 cum
859 809 971 894 amylo
994 807 1191 886 madefacta,
1215 830 1274 893 per
1297 808 1458 894 liquorem

326 938 394 980 non
417 914 561 1000 amplius
584 915 734 980 caerulea
756 915 825 980 fiat.

370 1022 506 1108 Liquori
528 1022 673 1088 admisce

422 1137 533 1198 Aquae
561 1137 696 1207 partes
724 1137 879 1188 centum
912 1174 1362 1189 ............
1402 1129 1459 1188 100
1517 1146 1520 1152 ’
1578 1167 1579 1172 1

326 1231 358 1291 00
381 1226 417 1290 in
440 1226 555 1292 mixtis
579 1227 671 1292 solve

422 1339 572 1390 Pulveris
593 1339 744 1391 'eochari
768 1341 1133 1411 pcrtcstrecentns
1158 1333 1321 1392 decem.
1356 1379 1363 1393 .
1401 1333 1460 1392 310

370 1429 406 1494 Si
430 1452 515 1515 opus
539 1431 611 1509 erit,
635 1431 734 1496 filtra.

369 1537 510 1623 Sirnpus
533 1538 651 1615 clarus,
676 1539 812 1623 pulchre
834 1539 944 1615 ruber,
968 1539 1196 1625 quichartam,
1216 1538 1329 1604 iodeto
1348 1537 1457 1603 kalico

325 1664 400 1708 cum
422 1645 535 1730 amylo
559 1643 791 1723 madefactam,
816 1645 1001 1710 caeruleam
1025 1667 1067 1709 ne
1090 1644 1218 1710 reddat.

411 1943 730 2067 ÷sirupus
766 1947 1333 2069 necennensium.

370 2125 471 2191 Misce

420 2238 593 2289 'tincturae
614 2237 852 2301 Ipooaouannao
872 2240 1008 2308 partes
1029 2232 1158 2291 decem
1160 2275 1363 2292 ......
1423 2232 1460 2290 10

421 2335 530 2399 Sirupi
550 2333 708 2399 simplicis
729 2329 915 2406 partibus
937 2331 1158 2405 nonaginta
1192 2375 1360 2390 .....
1420 2329 1459 2386 90

368 2426 508 2512 Sirupus
532 2427 711 2492 subflavus.

486 2725 535 2823 ÷
568 2727 805 2851 Siccius
854 2731 1210 2850 Liquiritiac.

367 2905 498 2971 Macera
521 2927 580 2991 per
603 2908 702 2973 horas
727 2911 769 2972 24

419 3019 549 3070 Radicis
579 3019 771 3083 quiritias
797 3015 838 3072 in
858 3014 991 3075 discos
1012 3023 1151 3074 tenues
1173 3018 1355 3075 concisae

459 3117 594 3188 partes
615 3113 765 3188 viginti
786 3113 958 3190 quinque
993 3155 1361 3174 ..........
1419 3115 1457 3172 25

322 3207 381 3273 per

420 3286 530 3348 Aquas
551 3287 687 3357 partes
708 3289 863 3340 centum
884 3283 1034 3358 viginti
1037 3327 1359 3344 .........
1400 3283 1457 3341 120

365 3373 457 3454 Oolc,
494 3377 651 3462 exprime.
688 3379 812 3465 Liquor
847 3379 901 3446 fac
931 3381 1069 3447 ebulliat
1092 3385 1126 3446 et
1149 3383 1185 3445 in
1209 3381 1327 3446 balneo
1350 3401 1457 3466 aquae

322 3499 466 3566 evaporn
492 3482 571 3546 dum
595 3486 764 3570 supersint

419 3597 554 3665 partes
581 3592 878 3669 quinquaginta
909 3639 1320 3654 ...........
1422 3595 1461 3652 50

366 3685 471 3750 Filtra
494 3691 527 3751 et
550 3688 586 3752 in
608 3688 754 3768 filtratis,
780 3692 890 3757 calore
913 3692 1076 3771 adhibito,
1101 3693 1193 3758 solve

418 3798 569 3852 flaochati
590 3802 725 3872 partes
746 3799 955 3874 octoginta
989 3843 1279 3860 ........
1417 3797 1456 3856 80

365 3888 521 3956 Admisce

419 4003 525 4056 usum
544 4005 695 4068 deputati
715 4007 851 4077 partes
871 4005 1083 4079 octoginta
1114 4045 1362 4064 .......
1420 4001 1459 4059 80

367 4093 507 4179 Simpus
531 4097 619 4161 clare
642 4095 767 4162 fuscus.

787 4277 959 4288 —-m
979 4281 987 4287 -
