3532 5034
810 531 875 593 483

323 724 446 788 Vinum
469 725 634 789 Turtretie
657 725 759 790 kelici
781 724 900 790 ferreti
923 727 1093 791 continent
1117 725 1198 791 ferri
1218 748 1286 790 non
1297 727 1408 791 minue

276 851 375 916 quem
409 836 537 916 pentem
566 833 780 897 centesimam
805 837 833 910 1,
863 833 898 897 id
925 832 1015 918 quod
1038 833 1087 898 ite
1108 833 1284 898 statuitur:
1330 834 1409 898 Vini

276 937 440 1002 Turtretis
463 939 565 1003 kelici
588 937 706 1004 ferreti
729 939 923 1025 grammatic
949 943 968 1005 5
992 945 1026 1005 et
1045 939 1132 1005 ccidi
1144 939 1297 1005 sulfurici
1309 939 1408 1005 diluti

276 1044 481 1110 centimetris
515 1045 641 1110 cubicis
671 1048 712 1110 10
734 1047 923 1112 commixtis
946 1052 1239 1133 permengenetem
1262 1046 1408 1112 kelicum

277 1153 310 1235 (1
333 1178 366 1212 .-.-
385 1155 473 1238 200),
498 1154 533 1216 in
556 1153 675 1218 balneo
697 1175 803 1239 equae
826 1153 1034 1232 calefaciens,
1059 1153 1210 1219 stillatim
1229 1153 1314 1219 udde
1330 1153 1409 1218 dum

276 1259 366 1324 color
387 1261 489 1324 ruber
507 1281 575 1324 non
594 1261 736 1347 emplius
747 1261 862 1326 stetim
873 1264 1059 1326 evanescet.
1076 1259 1126 1325 Ut
1137 1261 1408 1346 permengenatie

274 1365 374 1430 kulici
397 1367 567 1452 quentitee
591 1367 753 1432 excedens
774 1367 988 1443 dissolvetur,
1011 1367 1173 1452 liquorem
1197 1366 1320 1432 caliace
1331 1387 1407 1432 cum

275 1471 412 1557 spiritus
435 1494 541 1558 parve
562 1474 759 1559 quantitate.
784 1474 825 1538 In
847 1473 976 1559 liquore
987 1473 1187 1559 refrigerato
1200 1474 1291 1538 solve
1302 1473 1407 1538 iodeti

275 1576 377 1642 kulici
398 1585 584 1664 grammate
607 1583 637 1657 2,
661 1584 737 1664 post
761 1581 877 1644 horum
914 1584 931 1642 1
967 1581 1050 1644 titre
1083 1600 1143 1664 per
1176 1578 1406 1644 thioeulfetem

275 1685 440 1749 nutricum
462 1685 726 1764 decinormelem,
752 1687 856 1763 cuiue,
881 1690 919 1750 ut
941 1686 1051 1771 liquor
1073 1685 1290 1764 decoloretur,
1303 1687 1406 1750 centi-

274 1794 381 1855 metre
403 1792 519 1858 cubica
541 1814 584 1856 ne
606 1794 717 1858 minue
740 1814 840 1879 quum
861 1795 880 1857 9
902 1793 1126 1877 requirentur.

319 1896 471 1963 Vinum
506 1899 729 1964 Tertretis
763 1899 901 1964 kelici
932 1897 1094 1963 ferreti
1118 1921 1137 1962 e
1159 1900 1255 1964 luce
1277 1921 1404 1964 remo-

274 2007 361 2066 tum
392 2009 573 2088 peretur
603 2011 644 2069 et
675 2011 890 2071 servetur.
