3466 5038
1363 447 1387 494 V

276 621 411 698 dentali,
438 623 517 708 quid
543 621 587 686 de
610 623 895 708 Pharmacopoeae
919 643 1006 686 nova
1029 623 1175 688 editione
1198 629 1354 708 optarent
1377 631 1410 689 et

277 729 505 794 desiderarem
529 729 718 813 explicandi
740 728 884 794 facultas
908 729 1053 796 daretur.

324 835 520 900 Petentibus
543 833 642 898 nobis
664 855 786 918 magna
808 835 904 919 copia
926 834 1005 898 data
1028 841 1079 900 est
1101 836 1313 916 monitorum,
1326 860 1410 924 quae

277 942 315 1004 in
338 941 467 1006 duobus
490 941 586 1006 libris
609 937 681 1006 arte
704 945 738 1005 et
760 942 892 1007 rati0ne
916 941 1069 1009 ordinata
1091 949 1179 1009 sunt.

327 1047 419 1126 Quae
441 1048 570 1112 monita
592 1047 689 1112 nobis
712 1069 773 1134 pro
791 1049 907 1132 regula
918 1047 1055 1113 fuerunt
1066 1051 1101 1113 in
1112 1050 1225 1115 labore
1236 1053 1410 1130 univers03

279 1176 342 1218 nec
372 1155 481 1219 minus
512 1177 561 1232 oa,
587 1156 729 1240 quaein
752 1154 916 1238 capitibus
940 1155 1080 1240 singulis
1104 1156 1282 1222 observata
1305 1164 1410 1234 erant,

280 1263 318 1325 in
339 1283 427 1325 nova
449 1261 561 1326 forma
579 1260 760 1346 redigenda
782 1267 936 1326 accurate
955 1268 1094 1346 pensata
1112 1269 1191 1328 sunt
1210 1271 1245 1330 et
1256 1286 1411 1350 magnam

282 1374 413 1454 partem
435 1375 535 1454 grato
558 1368 669 1432 animo
691 1373 836 1452 recepta.

34 1547 251 1602 otteramno
330 1532 361 1592 4.
407 1529 558 1594 Societas
580 1528 697 1592 Indica
713 1527 1306 1614 Orientalisaddisoiplinasmedicas
1319 1554 1413 1598 exco-

50 1640 227 1702 rmwlwf·
281 1635 398 1700 lendas
420 1640 539 1700 votum
563 1635 673 1700 emisit
694 1639 733 1698 ut
754 1635 790 1697 in
801 1655 900 1698 usum
912 1635 1028 1700 Indiae
1040 1635 1302 1702 NederlandIcae
1315 1640 1412 1702 Phar·

280 1763 462 1827 macopoea
496 1746 750 1827 componeretur
783 1764 803 1804 a
833 1742 949 1826 peritis
980 1742 1015 1806 in
1045 1743 1142 1807 India
1173 1744 1415 1810 Nederlandioa

282 1849 452 1932 creandis;
476 1853 536 1912 aut
559 1849 587 1912 si
609 1848 645 1910 in
668 1849 776 1932 patria
800 1849 898 1911 huius
920 1849 969 1912 rei
986 1849 1158 1914 molestiae
1178 1853 1327 1935 superari
1346 1874 1414 1916 non

282 1977 382 2042 posse
399 1956 603 2031 viderentur,
620 1953 769 2019 Consilio
780 1953 982 2017 medicorum
994 1959 1028 2018 et
1039 1957 1369 2042 pharmacopolamm
1380 1960 1415 2022 in

283 2062 383 2127 India
404 2060 648 2126 Nederlandioa
671 2059 895 2124 habitantium
919 2061 1193 2145 supplementum
1218 2064 1414 2130 Pharmaco-

285 2191 389 2254 poeae
412 2167 675 2233 Nederlandicae
697 2166 906 2231 condendum
929 2167 1153 2232 mandaretur.

331 2274 381 2339 De
399 2276 452 2339 his
472 2274 598 2359 optatis
617 2274 785 2337 internos
805 2273 863 2336 diu
881 2273 1090 2357 disputatum
1108 2280 1168 2339 est.
1207 2275 1415 2340 Examinatis
1454 2313 1456 2317 ,

283 2383 399 2446 multis
412 2403 542 2467 quoque
554 2380 687 2465 scriptis
699 2401 719 2443 a
731 2378 931 2445 Consiliario
943 2381 1048 2465 Regio
1060 2402 1080 2444 a
1092 2382 1230 2446 coloniis
1243 2381 1412 2466 profectis,

268 2473 369 2574 ⁴quae
388 2511 409 2553 a
428 2486 628 2554 consiliario
647 2487 753 2572 Regio
773 2508 792 2550 a
812 2485 911 2550 rebus
923 2487 1065 2550 internis
1076 2488 1173 2551 nobis
1185 2490 1414 2573 cognoscenda
1453 2550 1457 2560 ,

283 2596 388 2659 missa
407 2598 512 2670 erant,
531 2594 567 2656 in
587 2592 707 2678 quibus
726 2592 748 2656 i.
769 2614 798 2656 a.
820 2597 937 2656 votum
957 2591 1084 2657 factum
1104 2597 1176 2657 erat
1186 2600 1225 2659 ut
1236 2617 1303 2658 una
1314 2601 1413 2680 atque

285 2702 401 2766 eadem
428 2701 696 2784 Pharmacopoea
719 2703 806 2762 esset
827 2698 944 2783 Regno
967 2700 1133 2776 universo,
1158 2700 1231 2764 viro
1255 2703 1415 2766 excellen-

286 2808 417 2873 tissimo
436 2806 635 2871 consiliario
655 2805 761 2891 Regio
780 2827 800 2869 a
818 2804 918 2869 rebus
930 2804 1071 2870 internis
1084 2807 1224 2871 suadere
1236 2809 1415 2874 statuimus

284 2921 324 2980 ut
342 2936 412 2978 rem
436 2934 476 2977 eo
488 2912 674 2990 deduceret,
688 2917 726 2976 ut
738 2913 1024 2995 Pharmacopoeae
1036 2911 1300 2979 Nederlandicao
1313 2915 1414 2982 editio

285 3025 321 3084 4·
351 3021 478 3083 valeret
507 3019 543 3082 in
573 3019 690 3104 Regno
713 3017 869 3080 universo
892 3022 926 3081 et
948 3017 1038 3081 intra
1062 3024 1096 3082 ot
1118 3025 1213 3083 extra
1237 3020 1414 3104 Europam,

286 3149 326 3190 ea
352 3126 483 3190 ratione
512 3131 551 3190 ut
582 3125 850 3207 Pharmaoopoea
872 3122 1046 3203 indicaret,
1069 3147 1153 3210 quae
1176 3126 1417 3192 medicamenta

284 3235 320 3298 in
344 3253 474 3318 quoque
498 3230 766 3316 pharmacopolio
790 3230 897 3315 Regni
907 3230 944 3292 in
957 3229 1091 3315 Europa
1102 3231 1218 3296 adesse
1230 3238 1416 3317 oporteret;

287 3346 324 3403 ut
357 3339 399 3403 iis
432 3338 543 3424 Regni
574 3336 737 3422 partibus,
773 3357 857 3422 quae
892 3341 988 3400 extra
1024 3337 1191 3422 Europam
1225 3339 1309 3402 sitae
1338 3339 1415 3416 sint,

288 3443 445 3521 Consilia,
489 3445 553 3507 hoo
588 3443 624 3507 in
669 3442 876 3528 propositum
922 3463 1077 3526 expresse
1122 3449 1242 3522 creata,
1285 3445 1416 3510 tabulas

289 3554 527 3637 componerent
549 3549 872 3624 medicamentorum,
897 3569 981 3632 quae
999 3548 1067 3612 illic
1085 3551 1121 3612 in
1141 3551 1417 3636 pharmacopoliis

9 3735 10 3748 χ
289 3658 404 3722 adesse
426 3661 607 3743 oporteret.

9 3749 11 3798 γ
45 3837 253 3890 indicamento
338 3823 368 3882 5.
402 3819 582 3882 Praeterea
597 3839 638 3880 ex
649 3815 815 3880 sententia
825 3815 874 3879 rei
885 3815 1223 3898 peritoruminIndia
1234 3816 1417 3881 Nederlan-

37 3927 210 3992 meremur
232 3923 264 3976 ’Ὦ
294 3923 366 3988 dica
400 3921 636 3998 habitantium,
668 3943 750 4006 quos
780 3920 1016 3998 consuluimus,
1051 3922 1145 3986 varia
1179 3922 1420 3988 medicamenta

9 4023 11 4086 ἶ
46 4029 121 4068 ‘'²²¹''
145 4011 253 4094 ''fi“
297 4035 427 4115 recepta
439 4031 533 4102 sunt,
547 4047 627 4110 quae
638 4027 896 4112 usqueadhunc
904 4026 991 4091 diem
1000 4028 1035 4091 in
1043 4029 1152 4112 patria
1160 4033 1276 4092 nostra
1284 4030 1420 4093 omnino

9 4139 10 4142 ’
35 4103 270 4158 Μ”Ἰ””Ἰ’”””
300 4156 365 4198 non
383 4135 439 4199 vel
460 4151 581 4217 parum
599 4132 634 4196 in
652 4154 748 4198 usum
760 4137 932 4210 venerunt,
947 4133 1052 4197 sedin
1065 4155 1178 4198 eorum
1190 4153 1328 4210 numero
1341 4139 1422 4197 sunt

9 4243 11 4310 i
1357 4307 1375 4360 2
