3530 5026
878 467 919 530 72

331 664 517 747 grammate
537 665 554 724 1
575 665 610 724 et
627 682 732 746 equae
744 659 949 725 centimeiris
960 659 1084 725 cubicis
1099 663 1149 738 15,
1162 659 1324 746 liquorem
1336 661 1460 726 clerum

331 767 499 854 preebeei.

377 871 550 939 Carbones
569 874 719 940 nub-icus
737 874 773 938 in
795 896 882 959 eque
904 876 937 956 (1
956 899 991 932 =
1010 876 1067 955 10)
1088 874 1227 950 solutus,
1252 895 1311 958 per
1330 873 1461 938 ocidum

331 980 620 1066 hydrochloricum
650 980 765 1046 acidus
790 979 911 1059 factus,
935 985 1058 1058 cocum,
1083 981 1191 1045 clerus
1214 980 1260 1045 sit
1281 981 1458 1064 (silicata),

331 1108 372 1150 ne
406 1108 467 1171 per
498 1087 699 1152 ammoniam
733 1086 866 1172 quidem
900 1086 1061 1151 uleelinus
1084 1085 1203 1162 fectus,
1227 1085 1344 1151 eddibo
1366 1085 1460 1150 ecido

332 1191 611 1278 hydrosuliurico,
636 1195 778 1278 speciem
801 1198 919 1258 mutet.

376 1297 577 1365 Gerbonstis
598 1300 720 1364 numici
742 1321 892 1385 gramme
917 1303 933 1363 1
958 1299 995 1362 in
1017 1298 1103 1363 ecidi
1126 1299 1238 1363 uitrici
1256 1297 1460 1363 centimeiris

331 1406 456 1471 cubicis
480 1408 499 1469 2
522 1411 557 1471 ei
579 1429 684 1492 equue
707 1407 913 1472 centimeiris
936 1405 1061 1471 cubicis
1086 1408 1149 1469 100
1173 1404 1328 1482 solutum,
1344 1405 1460 1469 addito

330 1512 454 1578 niircic
476 1512 628 1598 berytico
650 1515 704 1578 vel
725 1514 850 1578 nibrete
873 1513 1053 1598 urgentico,
1078 1511 1198 1577 coloris
1221 1533 1338 1598 expers
1357 1515 1461 1597 eiper

331 1620 432 1684 horus
455 1625 584 1704 purtem
617 1641 686 1685 non
719 1620 830 1684 minus
863 1641 963 1706 quam
997 1618 1226 1684 duodecimum
1249 1618 1373 1683 clerum
1397 1619 1458 1696 sii3

330 1726 445 1791 addito
468 1727 618 1793 chloreto
640 1727 771 1804 ferrico,
795 1748 838 1791 ne
859 1727 1014 1791 rubeseei
1036 1726 1254 1812 (rhodomo).

375 1831 576 1898 Carbonaiis
599 1833 720 1898 notrici
742 1853 891 1918 gramme
916 1836 933 1895 1
957 1833 994 1896 in
1016 1853 1121 1917 equae
1143 1832 1349 1898 centimetris
1370 1832 1460 1897 cubi·

330 1939 377 2003 cis
402 1943 420 2002 5
444 1939 600 2017 solutum,
623 1939 758 2004 nitretis
781 1939 925 2024 beryiici
947 1939 1153 2004 centimetris
1175 1939 1299 2004 cubicis
1324 1941 1365 2003 20
1378 1939 1460 2030 min-

331 2050 412 2124 tum,
436 2046 561 2112 edditis
583 2045 894 2132 phenolphiheleini
916 2046 1023 2130 guttis
1047 2049 1077 2122 3,
1102 2068 1144 2110 ne
1157 2045 1461 2133 mbeseet(bydros

332 2152 502 2236 natricem).

375 2256 547 2324 Carbones
569 2260 717 2326 cubricus
739 2258 922 2326 calefactus
942 2281 1085 2345 vapores
1107 2260 1266 2326 elceiinoe
1283 2260 1461 2326 coactionis

251 2412 254 2416 -
330 2387 374 2429 ne
396 2366 539 2431 emittet.

376 2471 445 2537 Gen
469 2473 579 2538 oriens
601 2495 619 2537 c
643 2473 728 2538 zinci
747 2473 858 2540 {meio
875 2480 1033 2559 reugente
1054 2473 1250 2539 insolutum
1262 2472 1461 2539 Carbonutis

331 2579 452 2644 nutrici
493 2601 643 2665 grummo
688 2585 703 2644 1
746 2581 782 2645 in
822 2580 908 2646 scidi
942 2580 1094 2646 sulfurici
1127 2579 1225 2645 diluti
1258 2578 1462 2644 centimeiris

330 2685 454 2751 cubicis
481 2690 522 2750 10
546 2687 696 2751 chortem
720 2687 876 2766 bibulum,
913 2688 1062 2752 chloreto
1086 2686 1329 2772 hydrargyrieo
1351 2685 1461 2751 mede·

329 2790 462 2870 iscium,
487 2792 609 2856 flevum
632 2814 675 2857 ne
697 2792 816 2859 reddet
838 2793 929 2859 inire
951 2794 1053 2859 horne
1077 2799 1206 2879 portem
1228 2797 1391 2879 quartum.

374 2897 574 2965 Carboneiis
607 2900 730 2965 neirici
763 2905 949 2987 grammate
984 2905 1003 2966 5
1037 2906 1077 2967 ut
1109 2899 1260 2966 neutrius
1281 2899 1459 2964 reectionis

327 3005 406 3085 sint,
428 3007 514 3071 acidi
537 3007 696 3072 normulis
718 3008 913 3072 centimeira
935 3008 1051 3074 cubico
1061 3029 1129 3073 non
1141 3007 1251 3072 minus
1269 3027 1368 3091 quem
1384 3007 1458 3083 34,5

327 3114 507 3198 requirent,
531 3114 621 3201 quod
644 3114 801 3180 convenit
823 3136 898 3180 cum
920 3112 1203 3201 Nu00,.10H,0
1218 3113 1370 3199 pertibus
1384 3134 1459 3178 een-

328 3220 456 3286 tesimis
479 3243 547 3286 non
570 3220 680 3286 minus
703 3244 803 3307 quem
827 3224 912 3300 98,6.

507 3545 1200 3669 Ι1·0311101113ιιΙιιιιιΙιίοιιε.
1332 3693 1333 3698 Ν

816 3708 977 3778 Cerussa.

720 3832 1049 3920 2Pb00„.Pb(0H)..

373 3965 487 4029 Pulvis
522 3965 628 4044 elbus,
663 3967 785 4052 gravis,
821 3969 941 4047 tenuis,
977 3968 1089 4034 odoris
1120 3973 1154 4034 ei
1176 3967 1305 4052 saporis
1328 3987 1456 4051 expers,

328 4071 385 4156 qui
415 4074 596 4138 calefactus
619 4075 653 4138 in
677 4074 825 4160 oxydum
848 4076 1051 4160 plumbicum
1073 4075 1198 4140 flevum
1221 4073 1353 4139 transii.
1378 4071 1458 4139 Ger·

329 4175 434 4244 bones
467 4179 654 4265 plumbicus
687 4181 723 4245 in
757 4203 844 4267 uque
877 4203 945 4247 non
979 4182 1130 4260 solvitur,
1154 4183 1190 4246 in
1212 4180 1307 4247 ecido
1331 4179 1457 4246 ucetico
