3582 5034
865 504 926 566 287

374 699 486 762 Pulvis
521 697 607 782 Opii,
643 718 740 782 quem
776 697 1004 781 experimento
1036 697 1204 783 morphini
1228 699 1338 763 minus
1362 719 1461 784 quam

329 812 440 890 partes
462 805 660 871 centesimas
684 807 702 869 7
727 809 786 868 aut
809 805 884 889 plus
907 825 1006 888 quam
1034 806 1073 866 13
1097 805 1267 868 continere
1290 811 1458 890 appareat,

328 913 364 976 in
387 911 656 998 pharmacopolio
680 933 722 974 ne
746 910 953 974 adhibeatur.

374 1019 486 1082 Pulvis
510 1018 602 1104 opii„
621 1018 678 1103 qui
702 1017 870 1102 morphini
893 1022 1004 1102 partes
1024 1017 1221 1082 centesimas
1241 1018 1315 1103 plus
1327 1019 1460 1103 quam7

328 1132 363 1190 aa
386 1125 495 1188 minus
518 1145 618 1209 quam
645 1127 685 1187 13
708 1124 887 1200 contineat,
911 1123 1062 1188 admixto
1088 1125 1154 1189 alio
1170 1125 1247 1209 opio
1271 1125 1324 1188 vel
1347 1124 1462 1189 addito

328 1233 439 1316 amylo
473 1253 593 1315 oryzae
616 1230 659 1294 ad
682 1231 807 1294 iustum
839 1252 1013 1294 numerum
1037 1232 1181 1316 partium
1205 1231 1461 1296 centesimarum

334 1342 373 1401 10
396 1338 577 1422 redigatur.

374 1444 403 1507 A
426 1446 519 1509 luce
542 1451 731 1509 remotus
755 1467 829 1529 per
851 1445 1012 1510 calcem
1036 1445 1178 1510 vivam
1203 1450 1415 1509 servetur.

427 1569 539 1629 Doses
560 1571 739 1629 maximae
761 1571 919 1646 singulae
941 1570 1277 1646 milligrammatum
1299 1570 1367 1630 100.

427 1667 540 1727 Doscs
561 1669 740 1727 maximae
761 1669 799 1727 in
820 1669 926 1728 horas
947 1669 1090 1728 vicenas
1112 1674 1303 1742 quaternas

500 1765 833 1841 milligrammatum
853 1767 924 1828 400.

792 1989 997 2000 -η--α--ω-ιιο

522 2110 572 2207 ÷
614 2113 844 2234 Oxydam
895 2114 1185 2208 caicicam.

375 2279 454 2346 CaO
478 2303 495 2345 e
519 2304 683 2346 marmore
706 2288 869 2367 paratum.

367 2423 494 2487 ,Frusta
517 2423 601 2500 alba,
627 2425 799 2509 superficie
822 2447 949 2511 aspera,
973 2445 1067 2509 quae,
1092 2446 1197 2510 aquae
1221 2425 1294 2509 pari
1317 2423 1462 2510 pondere

330 2549 515 2614 conspersa,
547 2531 711 2608 calefiunt,
735 2537 932 2617 turgescunt
954 2537 1054 2616 atque
1076 2531 1112 2594 in
1135 2532 1305 2618 pulverem
1329 2537 1461 2596 tenuem

330 2631 531 2713 dilabuutur,
555 2636 670 2721 quiin
693 2637 788 2702 acido
811 2638 1066 2722 hydrochlom'cc
1089 2643 1182 2703 totus
1205 2638 1364 2702 solvatur.

796 2860 998 2872 ——Ao-——fl

402 3016 631 3137 oxyuum
672 3019 1132 3140 hydrargyricum
1170 3021 1390 3114 flavum.

584 3187 783 3256 Mercurius
805 3190 1066 3274 praecipitatus
1089 3189 1215 3258 flavus.

378 3329 464 3414 Hgo
489 3327 625 3406 ssavum,
650 3330 705 3394 via
729 3331 866 3394 humida
889 3336 1053 3415 paratum.

375 3471 475 3535 Solve
498 3472 607 3536 calore
630 3471 782 3537 adhibito

334 3656 340 3670 ·
427 3585 568 3635 chlcrcti
588 3585 816 3652 hydrarum-ici
838 3589 972 3656 partes
993 3580 1088 3638 duas
1110 3624 1357 3640 .......
1447 3581 1464 3635 2

332 3678 365 3720 m
428 3756 537 3816 Aquae
559 3747 744 3824 partibus
765 3748 1036 3824 quadraginta
1070 3791 1357 3809 ........
1426 3748 1465 3804 40

374 3845 410 3909 Si
445 3867 529 3930 opus
562 3846 635 3923 erit,
671 3847 780 3911 soluta
813 3847 911 3924 filtra,
946 3847 1071 3912 filtrum
1097 3847 1305 3932 refrigerata,
1330 3843 1463 3909 assidue

328 3951 470 4035 agitans,
495 3951 627 4016 cffimde
651 3952 685 4016 in
709 3953 832 4018 mixtas

331 4143 365 4201 et
426 4065 601 4116 solutionis
629 4065 779 4127 hydratis
799 4066 918 4118 nutrici
943 4069 1077 4137 partes
1099 4062 1280 4137 quinque.
1309 4103 1317 4118 .
1349 4101 1356 4116 .
1445 4058 1463 4112 5

426 4237 536 4297 Aquae
568 4235 702 4304 partes
726 4228 949 4303 quindecim
952 4269 1354 4288 ...........
1427 4225 1461 4280 15
