3532 5034
848 467 913 532 475

358 662 551 728 Valerianus
586 661 730 727 ainricus
765 662 801 726 in
832 684 918 748 aqua
947 666 1121 747 (1:100)
1144 665 1273 730 solutus
1297 665 1447 731 chartam

313 769 570 855 exploratoriam
593 768 778 834 caeruleam
795 769 907 834 reddit
925 771 1070 849 rubram,
1083 769 1264 836 calefactus
1275 772 1446 850 turbatur;
1468 772 1471 778 ’

313 875 427 940 addito
454 873 688 960 suliohydrate
711 876 907 954 emmonim,
932 877 1187 964 praecipitatum
1210 879 1332 956 album,
1357 879 1446 964 quod

312 981 346 1045 in
380 980 476 1046 acido
510 981 766 1066 hydrochlorico
801 983 953 1063 solvitur,
989 984 1104 1049 addito
1139 985 1288 1050 chloreto
1312 984 1443 1064 ferrico,

312 1089 566 1175 praecipitatum
589 1089 775 1154 latericium
798 1089 946 1176 deponit.

357 1196 480 1281 Liquor
514 1195 555 1261 de
588 1196 807 1282 praecipitato
830 1218 890 1282 par
912 1197 1097 1263 chloretum
1120 1197 1278 1265 ferricum
1300 1199 1445 1270 filtratus

311 1303 411 1368 ruber
434 1324 476 1366 ne
499 1303 544 1367 sit
569 1303 715 1386 (arelao).

354 1410 470 1494 Aquae
489 1409 721 1475 centimetrum
740 1409 930 1475 cubicorum
949 1414 968 1474 5
992 1431 1067 1476 cum
1086 1411 1307 1476 Valerianatis
1330 1411 1446 1478 zincici

310 1521 494 1601 grammate
515 1521 531 1580 l
553 1522 849 1602 conquassatorum
868 1517 1001 1594 filtrata,
1021 1517 1136 1583 addito
1147 1518 1271 1583 nitrato
1283 1517 1444 1604 barytico,

310 1627 442 1688 tantum
463 1623 582 1688 leviter
603 1623 803 1710 opalescant.

355 1729 577 1795 Valerianatis
611 1729 729 1796 nincici
762 1730 1039 1815 milligrammatis
1075 1735 1140 1797 500
1166 1752 1234 1796 una
1260 1753 1335 1797 cum
1358 1731 1445 1797 acidi

310 1835 422 1901 uitrici
444 1836 639 1902 centimetro
659 1837 775 1902 cubico
800 1841 817 1900 1
844 1837 880 1900 iu
903 1838 1021 1903 balneo
1045 1859 1149 1924 aquae
1172 1838 1252 1903 dum
1271 1839 1359 1904 sicca
1377 1829 1463 1904 sint

310 1944 499 2029 evaporatio
527 1945 643 2030 iisque,
675 1966 759 2030 quae
781 1945 897 2010 relicta
920 1950 1027 2025 erunt,
1051 1944 1265 2024 candefactis,
1289 1966 1337 2024 aa,
1361 1966 1445 2030 quae

311 2057 518 2137 supererunt,
554 2051 857 2138 milligrammatum
895 2053 957 2117 132
992 2051 1035 2116 ad
1071 2054 1134 2116 135
1169 2051 1238 2116 sint
1271 2057 1306 2116 et
1339 2051 1445 2116 isdem

310 2156 438 2242 legibus
461 2158 618 2243 pmitatia
642 2158 860 2236 satisfaciant,
885 2158 1005 2244 quibus
1029 2157 1186 2244 Oxydum
1209 2157 1379 2225 zineienn.

779 2385 981 2394 *—

615 2557 913 2651 lecelinum
954 2558 1133 2651 altum.

768 2734 989 2804 Vosollnum.

354 2875 514 2943 Carbonii
549 2877 773 2963 hydrogenati
807 2878 900 2942 varia
935 2899 1059 2963 genera
1091 2879 1206 2957 mixta,
1242 2901 1259 2943 e
1295 2879 1443 2964 petroleo

307 2984 411 3050 crudo
433 2988 560 3070 parata.

353 3118 465 3183 Massa
494 3118 579 3196 alba,
609 3118 722 3184 odoris
752 3118 824 3183 fere
847 3141 975 3205 expers,
999 3119 1155 3205 aequalis,
1180 3121 1441 3206 semiporlucida,

306 3225 504 3310 unguinosa,
538 3246 623 3311 quae
656 3225 776 3291 caloris
809 3226 917 3311 gradu
950 3229 1009 3291 40⁰
1042 3226 1084 3291 ad
1118 3229 1200 3290 ‘llum
1226 3227 1379 3312 liquescit
1406 3227 1442 3290 iu

306 3333 468 3418 liquorem
490 3334 625 3411 clarum,
649 3333 759 3399 colore
781 3333 932 3398 caemleo
954 3332 1218 3399 fluorescentem.

351 3439 498 3504 Vaselini
532 3439 599 3504 albi
645 3444 831 3523 grammata
865 3443 885 3504 5
920 3441 948 3504 si
982 3461 1050 3504 una
1084 3461 1158 3504 cum
1194 3440 1307 3505 mixtis
1336 3461 1441 3526 aquae

306 3550 490 3632 grammate
515 3550 531 3609 l
557 3553 591 3611 et
613 3545 698 3611 acidi
719 3545 871 3612 sullurici
893 3547 1088 3632 grammatic
1111 3549 1132 3609 4
1152 3547 1186 3610 in
1202 3547 1321 3611 balneo
1336 3557 1441 3631 aquae

305 3652 466 3718 calefacta
488 3657 586 3718 erunt
608 3654 688 3717 dum
710 3653 894 3718 vaselinum
924 3651 1140 3738 liquefactum
1163 3652 1217 3729 sit,
1240 3651 1359 3715 deinde
1382 3673 1441 3738 per

305 3760 406 3824 horae
429 3763 557 3845 partem
579 3758 809 3824 duodecimam
831 3749 1061 3845 conquassata,
1089 3764 1160 3823 tum
1179 3758 1340 3824 calefacta
1362 3758 1441 3822 dum

305 3867 488 3931 vaselinum
521 3887 638 3930 rursus
672 3872 836 3931 secretum
870 3866 923 3943 sit,
947 3865 1078 3930 acidum
1101 3865 1221 3931 coloris
1244 3865 1288 3930 sit
1312 3885 1441 3949 expers.

350 3972 506 4037 Vaselino
521 3973 597 4038 albo
617 3993 693 4036 cum
705 3973 843 4058 spiritus
856 3973 1002 4058 pondere
1013 3973 1138 4058 duplici
1151 3976 1319 4048 concocto,
1332 3970 1442 4054 liquor

305 4079 505 4164 spirituosus
538 4079 757 4165 refrigeratus
791 4079 935 4144 colorem
967 4081 1102 4144 chartae
1131 4077 1375 4163 exploratoriae
1398 4098 1440 4140 ne

307 4191 422 4251 mutet.
