3544 5050
880 495 945 560 464

345 692 542 758 brevissimo
565 693 744 757 coniuncta
767 697 863 770 sunt;
887 691 923 755 in
954 713 1061 758 merce
1085 692 1194 756 venali
1217 691 1384 758 disiuncta
1406 713 1480 758 esse

345 801 461 877 solent,
496 821 563 884 qua
595 820 633 863 re
667 799 782 865 mixtis
814 798 986 864 tuberibus
1020 799 1195 885 utriusque
1229 798 1361 884 generis
1395 799 1480 864 solet

343 912 497 972 constare
507 926 514 984 ;
539 906 658 970 tubera
677 911 789 971 autem
804 906 885 970 anni
896 905 1091 991 posterioris
1102 911 1235 972 tantum
1247 904 1478 971 adhibeantur.

344 1013 476 1077 Tubera
510 1012 553 1076 ad
587 1012 784 1078 centimetrs
821 1017 860 1076 11
895 1013 1006 1098 longa,
1042 1033 1155 1077 crassa
1188 1012 1225 1075 in
1259 1011 1332 1076 basi
1365 1012 1408 1075 ad
1446 1015 1466 1076 3

343 1120 436 1199 dura,
469 1121 551 1186 satis
585 1117 728 1204 fragilia,
754 1141 829 1184 cum
852 1119 1057 1205 franguntur
1079 1119 1251 1205 pulverem
1275 1119 1476 1205 spargentia,

345 1232 478 1292 extante
501 1227 625 1304 conica,
650 1248 781 1312 semper
804 1227 897 1312 apice
920 1225 1037 1291 fracto.
1071 1223 1275 1312 Superiioies
1286 1225 1478 1311 plerumque

344 1333 466 1398 crassis
500 1333 593 1417 rugis
627 1331 773 1410 directis,
806 1355 873 1396 non
903 1332 1010 1398 nitide
1034 1332 1172 1397 obscure
1196 1329 1418 1417 griseoiusca;
1442 1332 1477 1396 in

345 1440 417 1504 basi
439 1440 578 1505 cicatrix
600 1439 685 1503 rami
708 1438 820 1503 brevis
842 1438 1077 1524 coniungantis
1101 1437 1467 1524 conspicueessesolet;

343 1568 444 1632 porro
466 1569 526 1632 per
549 1551 658 1611 totum
681 1545 788 1624 tuber,
812 1545 1010 1632 praesertim
1034 1546 1069 1609 in
1092 1549 1187 1631 parte
1200 1544 1372 1624 crassiore,
1394 1545 1478 1611 oica

343 1653 443 1719 trices
465 1653 616 1717 radicum
639 1653 903 1718 adventiciorum
925 1652 1076 1717 tenuium
1098 1651 1151 1716 vel
1163 1651 1312 1738 ipsarum
1323 1649 1477 1730 antula,

344 1766 485 1846 utraque
519 1782 758 1846 nonnunquam
789 1760 825 1823 in
848 1760 1023 1824 ordinibus
1046 1759 1088 1823 ad
1111 1759 1232 1824 libram
1254 1758 1374 1844 posita.
1398 1759 1478 1823 Fra-

345 1873 439 1932 ctura
460 1873 653 1932 transversa
675 1889 744 1931 non
754 1867 870 1945 nitida,
884 1889 1010 1953 aspera,
1024 1865 1238 1943 farinulenta,
1252 1864 1327 1929 alba
1339 1866 1393 1929 val
1404 1866 1478 1954 plus

345 1973 497 2039 minusve
520 1973 624 2041 fusca.
649 1975 772 2039 Tuberi
784 1980 975 2040 transverse
987 1973 1128 2059 persecti
1141 1977 1283 2037 stratum
1295 1979 1480 2037 extremum

345 2080 586 2160 tenuissimum,
633 2081 753 2146 coloris
798 2081 947 2159 obscuri;
990 2082 1144 2166 phloema
1178 2078 1409 2144 secundarium
1444 2085 1478 2145 et

344 2187 479 2272 xylema
512 2188 755 2266 secundarium,
787 2209 872 2274 quae
903 2188 1002 2252 tuber
1032 2187 1102 2251 iera
1134 2191 1242 2251 totum
1274 2184 1420 2252 efficiunt
1444 2192 1476 2252 et

345 2295 415 2358 fere
438 2317 541 2380 aeque
565 2294 714 2380 perfecta
736 2299 831 2373 sunt3
856 2295 1020 2359 cambium
1042 2292 1190 2379 liguram
1205 2291 1340 2357 exhibet
1352 2294 1476 2372 stellae,

345 2423 443 2487 saepe
465 2401 569 2466 radiis
593 2405 612 2466 5
636 2401 678 2466 ad
703 2403 732 2480 7,
757 2401 924 2467 interdum
947 2401 1067 2466 coloris
1086 2405 1138 2465 est
1153 2400 1252 2485 paulo
1264 2399 1476 2466 obscurioris.

344 2508 476 2573 Tubera
507 2509 587 2572 anni
616 2508 798 2595 superioris
825 2509 860 2571 in
884 2509 956 2574 basi
975 2530 1050 2573 cum
1080 2506 1229 2592 reliquiis
1252 2505 1355 2570 caulis
1379 2528 1476 2595 saepe

345 2615 434 2694 cavi3
458 2615 557 2680 tuber
574 2617 684 2703 ipsum
696 2615 854 2700 ponderis
877 2617 975 2701 paulo
994 2615 1139 2692 levioris,
1159 2618 1255 2678 extra
1270 2617 1303 2677 et
1315 2613 1477 2699 imprimis

344 2722 433 2785 intra
467 2721 587 2786 coloris
620 2722 830 2798 obscurioris,
861 2723 951 2787 intra
982 2743 1079 2807 saepe
1110 2721 1250 2786 scissum
1273 2719 1325 2784 vel
1348 2742 1475 2786 cavum.

344 2829 475 2892 Tubera
505 2829 584 2892 anni
614 2828 808 2914 posterioris
830 2829 865 2891 in
889 2827 960 2892 basi
983 2833 1148 2912 gemmato
1171 2827 1322 2904 obscuro,
1347 2827 1477 2912 vaginis

344 2933 557 3012 circumdato,
582 2934 711 3012 obtuso,
732 2935 786 2998 vel
805 2935 876 2999 aius
894 2934 1060 3020 reliquiis;
1084 2933 1183 2998 tuber
1201 2933 1311 3019 ipsum
1329 2933 1475 3019 gravius,

344 3040 539 3127 praesertim
569 3041 658 3106 intro
680 3042 801 3106 coloris
825 3041 983 3119 clarioris,
1010 3041 1100 3105 intra
1123 3040 1274 3119 solidum,
1300 3037 1477 3126 superficie

345 3147 454 3212 minus
476 3169 609 3232 rugosa,
634 3148 802 3213 interdum
824 3171 938 3234 aequa.
1329 3236 1332 3240 ¹

367 3255 608 3344 'Mieroscopia
632 3256 789 3340 pulveris.
821 3256 978 3342 Amylum
1002 3277 1157 3341 magnam
1177 3259 1307 3341 partem
1319 3253 1475 3332 solutum,

344 3365 379 3425 at
413 3382 543 3446 quoque
576 3362 611 3425 in
645 3363 771 3428 cellulis
804 3362 1123 3448 perenchymaticis;
1164 3383 1270 3448 grana
1304 3359 1474 3447 simplicia,

344 3489 442 3552 saepe
476 3468 639 3534 diametro
675 3473 695 3533 8
725 3470 768 3534 ad
801 3475 841 3536 15
865 3495 900 3549 μ,
924 3469 994 3534 fere
1016 3469 1164 3556 globosa,
1190 3469 1305 3534 nucleo
1327 3465 1475 3543 corbali,

343 3580 378 3639 at
400 3596 532 3660 quoque
547 3576 689 3660 plurima
700 3599 806 3662 grana
818 3577 1002 3662 composita
1013 3576 1191 3662 diadelpha
1202 3575 1245 3639 ad
1257 3573 1474 3658 tetradelpha.

345 3681 490 3747 Oellulae
536 3684 854 3768 perenchymaticae,
897 3683 1107 3769 leptotichae,
1150 3681 1270 3747 coloris
1305 3684 1474 3768 expertes3

343 3788 478 3854 cellulae
502 3787 630 3853 tuberis
653 3789 759 3874 partis
782 3789 957 3854 exterioris
980 3790 1190 3855 membranas
1209 3789 1334 3854 habent
1353 3785 1474 3852 fuscas.

344 3893 489 3960 Cellulee
524 3895 856 3981 sclarenchymaticae
891 3895 1018 3960 formae
1053 3895 1308 3972 diversissimae,
1334 3893 1475 3977 oblonga

343 4002 524 4088 quadratae
548 4002 589 4066 ad
612 4002 779 4081 linearem,
800 4024 931 4088 quoque
943 4004 1050 4089 magis
1061 4003 1242 4080 rotundae;
1266 3999 1475 4065 membranae

343 4109 482 4174 nonita
505 4108 715 4188 tumefactae,
740 4109 959 4189 subflavidae,
984 4110 1178 4177 scrobiculis
1201 4107 1376 4174 altioribus
1398 4125 1475 4171 con·

343 4214 483 4303 spicuis;
530 4237 657 4282 massae
691 4217 871 4282 luminibus
905 4218 1024 4305 amplis
1057 4217 1203 4282 inclusae
1237 4233 1475 4298 nonnunquam
