3544 5050
863 511 928 574 435

329 707 517 784 rubescant,
530 704 706 770 solutionis
718 705 914 771 centimetra
926 704 1042 770 cubica
1054 708 1107 784 4,6
1121 705 1163 770 ad
1177 707 1228 784 5,7
1241 707 1464 793 requirantur.

329 814 367 880 si
389 813 519 891 deinde,
543 811 692 877 eiusdem
713 811 890 878 solutionis
913 812 1119 878 centimetris
1142 812 1267 878 cubicis
1281 816 1321 878 15
1342 812 1466 879 additis

328 926 361 988 et
382 921 510 1006 liquore
533 941 593 1007 per
611 923 713 986 horae
728 924 858 1005 partem
871 925 1025 1005 quartam
1040 942 1116 986 cum
1127 921 1347 985 restillatione
1359 927 1463 1000 cocto,

328 1050 388 1114 per
398 1027 530 1094 acidum
542 1027 834 1112 hydrochloricum
847 1026 1079 1092 seminormale
1089 1027 1364 1106 retrotitrebitur,
1378 1029 1465 1094 acidi

329 1135 525 1201 centimetra
558 1134 675 1200 cubica
707 1134 779 1212 10,7
805 1135 847 1198 ad
873 1137 948 1212 11,8
977 1135 1200 1220 requirantur.
1238 1135 1333 1199 Prior
1363 1134 1466 1200 index

330 1242 575 1308 acidimetricus
597 1241 675 1307 inde
697 1240 818 1306 ductus
841 1247 892 1306 eet
916 1245 958 1306 65
982 1241 1025 1305 ed
1048 1245 1101 1320 80,
1126 1243 1211 1306 alter
1235 1245 1278 1307 60
1297 1243 1340 1307 ad
1364 1244 1417 1308 45.

321 1389 323 1408 2
373 1347 632 1416 Terebinthinae
650 1349 808 1416 laricinae
827 1354 941 1435 partes
963 1353 1002 1414 15
1024 1349 1128 1436 oxydi
1143 1349 1325 1436 magnesici
1337 1355 1463 1436 portel

329 1457 453 1523 mixtae
475 1456 565 1521 intra
587 1456 687 1521 unius
709 1455 776 1520 dici
798 1456 944 1542 spatium
966 1478 1009 1520 ne
1032 1455 1221 1523 durescant.

796 1653 996 1661 1--.-.——--=.

593 1774 643 1872 ÷
676 1776 1116 1871 Ttaabraminum.

733 1952 1056 2041 0,n,(cn,),u,o,.

375 2096 489 2162 Pulvis
511 2097 616 2174 albus,
640 2096 863 2182 crystallinus,
877 2096 990 2162 odoris
1002 2118 1130 2182 expers,
1144 2097 1275 2182 saporis
1286 2097 1463 2176 euhemeri,

327 2205 385 2289 qui
407 2202 597 2281 calefactus,
621 2225 689 2268 non
711 2203 907 2289 liquescens,
934 2203 1145 2269 sublimatur.
1180 2204 1463 2269 'l'heobrominum

327 2309 363 2372 in
385 2330 490 2395 aquae
513 2309 665 2394 partibus
688 2308 759 2374 fere
783 2313 883 2391 3300,
906 2311 941 2375 in
964 2311 1103 2396 spiritus
1116 2311 1269 2398 partibus
1280 2309 1352 2376 iere
1364 2313 1462 2390 4300,

328 2416 363 2482 in
386 2417 530 2494 aethere,
555 2416 590 2480 in
614 2416 839 2482 ohloroformo
863 2439 931 2482 non
954 2416 1061 2495 facile,
1082 2418 1118 2481 in
1138 2417 1242 2483 acidis
1254 2417 1370 2484 dilutis
1382 2423 1416 2483 et
1428 2418 1463 2482 in
1526 2493 1528 2502 y

328 2523 477 2590 aloalinis
499 2522 597 2589 facile
620 2523 773 2588 solvitur.

372 2630 611 2696 Theobromini
634 2630 913 2715 milligrammatis
938 2635 956 2695 5
980 2653 1047 2695 una
1070 2652 1145 2696 cum
1168 2631 1463 2718 acidihydmchlo·

328 2737 389 2802 rici
422 2742 520 2822 gutte
557 2740 573 2800 1
603 2741 637 2802 et
670 2737 831 2802 chloratis
853 2737 955 2802 kalici
977 2737 1135 2823 crystallo
1159 2759 1263 2823 parvo
1285 2738 1322 2802 in
1344 2737 1463 2803 balneo

327 2865 431 2929 aquae
454 2842 632 2922 calefactis,
656 2865 740 2930 quae
752 2849 960 2930 supererunt,
973 2843 1172 2910 fuscorubra
1183 2849 1282 2910 crunt
1294 2849 1336 2923 et,
1349 2844 1463 2910 addita

329 2951 515 3016 ammoniae
538 2956 633 3037 gutta
659 2956 687 3029 1,
711 2952 856 3017 colorem
880 2971 1083 3036 purpureum
1105 2950 1250 3018 trahent.

374 3057 614 3123 Theobromini
634 3057 914 3144 milligrsmmstis
938 3059 980 3120 20
1002 3056 1071 3121 leni
1093 3057 1201 3121 calore
1223 3057 1259 3121 in
1277 3057 1463 3121 ammoniae

328 3164 533 3229 centimetris
567 3165 692 3231 cubicis
729 3167 748 3228 2
780 3165 899 3230 solutis
932 3163 961 3228 si
995 3163 1130 3228 nitretis
1163 3163 1327 3249 argentici
1361 3164 1463 3228 centi-

329 3277 436 3337 metra
469 3271 585 3337 cubica
620 3274 639 3335 2
674 3272 853 3348 adduntur,
888 3293 906 3335 e
933 3271 1061 3355 liquore
1084 3271 1182 3348 claro,
1204 3275 1381 3355 postquam
1405 3292 1464 3355 per

328 3379 428 3444 horae
452 3383 564 3464 partes
582 3379 807 3464 sexagesimae
826 3377 1004 3443 nonnullas
1023 3376 1185 3455 ebullivit,
1206 3377 1462 3463 praecipitatum

329 3485 452 3562 album,
476 3483 652 3549 abundans
670 3484 858 3569 deponitur,
874 3489 1034 3550 constans
1044 3483 1171 3550 acubus
1189 3484 1332 3568 figuram
1348 3483 1462 3548 stellae

330 3589 563 3656 efficientibus.

373 3697 511 3760 Benzoli
529 3697 734 3762 centimetris
756 3697 883 3763 cubicis
906 3701 925 3761 5
949 3717 1102 3762 unacum
1116 3696 1462 3765 Theobrominimilli·

329 3803 524 3888 grammatic
554 3806 617 3867 100
640 3803 682 3868 ad
705 3804 824 3869 caloris
847 3803 988 3890 gradum
1013 3806 1093 3869 50lun
1120 3803 1290 3869 calefactis
1316 3807 1359 3881 et,
1387 3825 1461 3869 cum

328 3909 532 3988 refrixerint,
550 3910 683 3975 filtratis
694 3915 794 3996 atquc
807 3911 1005 3996 evaporatis,
1018 3932 1104 3996 quae
1116 3915 1324 3996 supererunt,
1338 3909 1461 3995 ponde-

329 4017 397 4082 rari
421 4021 588 4101 nequeant
610 4018 820 4105 (coffeinum).

375 4124 658 4189 Tbeobrominum
693 4125 784 4189 etin
807 4123 1085 4190 acidosulinrico
1109 4125 1199 4189 etin
1224 4123 1318 4188 acido
1342 4121 1462 4186 nitrico

330 4231 485 4314 (1:10)
508 4231 653 4296 solutum
676 4230 796 4297 coloris
820 4252 938 4317 expers
961 4231 1016 4296 sit.
