3584 5026
887 477 949 538 217

320 725 332 736 .
397 669 648 757 Hydrochloras
683 669 862 755 Morphini,
898 667 1013 734 addiio
1044 667 1139 734 acido
1170 667 1299 745 nitrien,
1324 667 1480 745 rubescit,

349 776 464 842 addito
487 776 637 842 chloreto
659 774 790 852 ferricO,
815 775 986 841 caeruleus
1008 775 1056 840 fit.

394 882 674 969 Hydrochloratis
693 882 862 968 Morphini
880 883 1148 968 milligrammata
1162 885 1203 946 10
1215 881 1249 945 in
1262 902 1367 966 aquae
1379 881 1483 946 canii·

349 989 463 1055 metris
483 989 607 1056 cubicis
629 991 670 1052 10
689 987 809 1063 soluta,
829 988 944 1054 addico
964 989 1087 1055 niueis
1111 989 1293 1076 argentiue,
1322 989 1481 1074 praecipi-

350 1101 457 1162 tatum
487 1096 600 1161 album
629 1096 812 1180 deponunt,
843 1096 944 1181 quod,
968 1095 1082 1162 addita
1105 1096 1281 1174 ammonia,
1306 1099 1482 1181 argentum

349 1225 416 1267 non
439 1223 614 1269 secernens
637 1201 789 1267 solvitur.

392 1309 645 1394 Hydroehloras
668 1307 837 1394 Morphini
859 1309 895 1372 in
913 1330 999 1393 aqua
1014 1310 1047 1394 (1
1064 1337 1097 1369 :
1112 1310 1170 1392 20)
1185 1309 1315 1374 solutus
1330 1309 1482 1373 neutrius

348 1415 391 1481 sii
424 1415 612 1481 reacaicnis.
659 1415 784 1481 Addita
803 1415 969 1480 solutione
992 1415 1145 1501 hydraiis
1168 1415 1297 1492 nutrici,
1321 1415 1481 1500 praecipi-

349 1527 455 1587 tatum
466 1523 613 1608 deponit,
630 1522 720 1608 quod
738 1523 773 1587 in
789 1523 958 1608 reagentis
977 1523 1165 1608 quantitate
1181 1521 1354 1588 excedenti
1365 1542 1481 1585 rursus

348 1629 498 1694 solvitur.
516 1628 669 1714 Liquoris
681 1629 730 1695 iia
741 1629 849 1715 parati
861 1629 1066 1695 centimeiris
1078 1629 1204 1696 cubicis
1217 1632 1237 1694 5
1249 1650 1324 1695 cum
1336 1629 1481 1696 aetheris

348 1735 419 1821 pari
443 1735 611 1800 volumine
635 1737 874 1823 conquassatis,
899 1742 1006 1802 strato
1029 1736 1175 1801 aetheris
1198 1735 1324 1801 filtraio
1348 1742 1383 1800 ct
1406 1757 1481 1801 eva-

347 1847 474 1927 porab0‚
487 1863 571 1927 quae
586 1848 794 1928 supererunt,
810 1842 987 1928 ponderari
1000 1847 1167 1928 nequeant
1178 1843 1263 1928 (ulia
1273 1843 1479 1926 ulccloideu).

392 1948 645 2033 Hydrochlorae
679 1949 849 2034 Morphini
882 1949 918 2013 in
952 1949 1047 2016 acido
1070 1950 1230 2016 sulfurico
1254 1949 1364 2016 colore
1386 1949 1479 2014 nullo

348 2059 405 2120 aut
428 2059 561 2120 tantum
583 2055 764 2121 clarissime
786 2056 890 2121 rubro
913 2057 1073 2122 solvatur.

392 2161 645 2247 Hydroehloras
667 2162 846 2248 Morphini,
870 2163 990 2228 caloris
1012 2163 1119 2249 gradu
1145 2164 1386 2240 100⁰siccatus
1400 2184 1479 2248 pon-

348 2267 435 2332 deris
470 2290 512 2332 ne
546 2268 622 2354 plus
652 2289 752 2354 quam
783 2273 896 2353 partes
918 2270 1115 2336 centesimas
1141 2273 1215 2348 14‚5
1238 2268 1373 2335 amitini
1395 2291 1480 2335 neve

349 2374 540 2439 combusius
563 2375 739 2461 quicquam
761 2375 937 2461 relinquat.
1432 2364 1436 2378 ⁴

465 2500 578 2560 Doses
601 2501 779 2560 maximae
801 2501 961 2577 singulae
984 2502 1317 2578 milligrammatum
1338 2501 1379 2562 20

465 2597 578 2657 Doses
599 2598 778 2658 maximae
800 2599 836 2658 in
859 2600 964 2659 horas
985 2601 1130 2660 vicenas
1152 2603 1341 2673 quaternas

504 2695 836 2774 milllgrammatum
859 2699 925 2758 1⁰0.

392 2791 680 2859 Iniectionum
709 2795 1068 2860 subcutanearum

465 2899 578 2960 Doses
600 2902 779 2962 maximae
801 2901 963 2979 singulae
983 2901 1317 2979 milligrammatum
1339 2902 1387 2964 2⁰.

464 2997 577 3058 Doses
599 2999 778 3059 maximae
800 3001 837 3059 in
859 3001 965 3060 horas
987 2999 1130 3060 vicenas
1151 3003 1340 3075 quaternas

505 3096 836 3173 milligrammatum
856 3099 906 3160 60.

447 3543 496 3642 -Ι-
531 3550 923 3669 Hydrochlcrns
957 3551 1297 3670 Pilccarnini.

756 3726 1075 3814 cnsmuflosncr.

391 3864 561 3952 Crystalla
583 3870 704 3935 coloris
728 3876 762 3935 ei
784 3870 897 3935 odoris
920 3870 1079 3956 expertia,
1104 3872 1233 3956 saporis
1256 3871 1370 3948 amari,
1394 3891 1479 3954 quae

346 3972 463 4039 caloris
486 3975 595 4061 gradu
619 3976 699 4041 193⁰
721 3977 763 4042 ad
790 3979 891 4046 195ιιῙΙΙ
907 3978 1096 4062 liquescunt
1118 3984 1153 4043 et
1171 3977 1391 4043 caloreaucto
1405 3980 1478 4042 tota

346 4080 595 4148 comburuntur.
622 4084 875 4169 Hydrochloras
899 4084 1099 4162 Pilocarpini
1115 4085 1151 4149 in
1163 4106 1249 4170 aqua
1260 4089 1295 4149 et
1305 4085 1342 4149 in
1354 4083 1476 4167 piritu

347 4182 452 4264 facile,
475 4190 512 4253 in
535 4191 669 4255 aethere
693 4196 728 4255 ei
750 4190 784 4254 in
809 4190 1035 4255 chloroformo
1059 4213 1176 4277 parurn
1200 4192 1351 4256 solvitur.
