3530 5026
874 517 937 579 120

549 713 893 832 [apiastrum
928 735 1257 830 pannosum.

382 889 525 976 Agitant
548 890 673 956 caliace

434 1004 633 1060 Ammoniaci
668 999 707 1055 in
734 997 935 1075 pulverem
962 995 1042 1073 (Bao)
1074 993 1388 1071 redactipartes

473 1101 560 1152 octo
571 1137 1380 1154 .....................
1448 1093 1466 1149 8

432 1198 569 1249 Galbam
589 1193 628 1249 in
648 1194 848 1269 pulverem
869 1193 948 1272 (Bao)
969 1189 1124 1250 redacti
1144 1197 1281 1268 partes
1301 1197 1387 1248 octo
1448 1191 1466 1247 8

431 1295 678 1348 uereuacunae
708 1296 863 1349 lariclnac
884 1297 1020 1367 partes
1041 1309 1107 1346 sex
1129 1333 1376 1348 .......
1445 1288 1462 1344 6

380 1387 417 1452 Si
440 1409 523 1472 opus
548 1389 620 1463 erit,
645 1393 684 1451 ut
707 1409 819 1453 massa
841 1388 988 1473 aequalis
1005 1394 1151 1473 paretur,
1166 1387 1466 1471 hisaddeparvam

334 1495 558 1581 quantitatem
589 1495 652 1560 olei
684 1494 938 1571 terebinthinae,
971 1493 1091 1559 deinde
1122 1494 1331 1571 commixtas,
1363 1492 1466 1579 lique-

333 1601 440 1669 factas
464 1607 498 1667 et
521 1602 657 1687 paulum
679 1601 905 1688 refrigeratae,

432 1715 606 1779 amplastra
625 1715 731 1778 oxya!
751 1715 908 1780 plumhicl
928 1716 1065 1785 partes
1087 1709 1348 1785 septuaginta
1374 1752 1381 1766 .
1428 1707 1467 1766 70

335 1812 369 1871 ot

431 1921 528 1972 Gerae
554 1921 660 1972 flavae
686 1920 821 1991 partas
842 1920 930 1972 octo
970 1955 1378 1972 ...........
1447 1911 1465 1967 8

378 2011 606 2096 Emplastrnm
629 2011 763 2090 flavum,
787 2012 917 2077 dmum.

789 2243 991 2253 *-

541 2394 884 2514 [apiastrum
925 2394 1257 2515 Hydrarayri.

378 2561 523 2629 Contere

430 2675 633 2740 nyumrqyri
660 2677 798 2747 partes
826 2670 1170 2746 vigintiquinque
1211 2714 1378 2729 .....
1426 2670 1464 2726 25

332 2772 367 2832 et

429 2880 541 2946 calpis
561 2881 667 2932 Lanu
688 2881 824 2951 partos
845 2875 1019 2950 quinque
1050 2917 1377 2933 .........
1445 2873 1462 2929 5

330 2971 410 3035 dum
433 2971 561 3056 globuli
584 2971 743 3037 metallici
765 2992 834 3035 non
856 2971 1001 3056 amplius
1024 2972 1194 3056 conspicui
1217 2973 1296 3037 sint.

377 3077 440 3142 His
474 3079 634 3163 paulatim
669 3077 753 3142 adde
787 3079 994 3156 commixtas,
1030 3078 1227 3164 liquefactas
1256 3083 1291 3143 et
1326 3078 1461 3163 paulum

330 3183 556 3269 refrigeratas,

429 3297 603 3362 amplam
623 3297 729 3361 oxyai
749 3297 1061 3369 plumbictpartas
1082 3293 1296 3369 sexaginta
1329 3335 1336 3348 .
1371 3335 1376 3349 .
1424 3291 1462 3347 60

331 3393 366 3453 et

428 3503 526 3553 Gerae
546 3503 651 3554 flavae
672 3505 808 3574 partes
828 3495 958 3554 decem
973 3540 1376 3556 ...........
1425 3495 1462 3552 10

377 3593 602 3678 Emplastrum
625 3617 643 3660 e
666 3596 818 3660 caensseo
841 3595 998 3680 griseum,
1019 3594 1149 3659 durum.

372 3699 414 3764 In
439 3701 629 3786 Emplastra
646 3702 861 3787 Hydrargyri
873 3707 1010 3766 extento
1022 3702 1106 3767 nulli
1117 3701 1246 3786 globuli
1258 3699 1460 3786 hydrargyri

329 3808 499 3892 conspicui
523 3809 600 3874 sint.

375 3914 601 4000 Emplastrum
644 3916 859 4002 Hydrargyri
901 3917 1072 3982 contineat
1112 3915 1314 4001 hydrargyri
1348 3917 1459 3998 partes

328 4022 525 4087 centesimas
547 4045 615 4087 non
638 4023 748 4088 minus
770 4045 870 4110 quam
894 4026 946 4087 24.

375 4128 545 4208 Quantum
586 4130 679 4208 insit,
721 4131 770 4196 ita
811 4131 990 4196 statuitur:
1032 4129 1213 4215 Emplastri
1245 4127 1458 4212 Hydrargyri

328 4257 477 4321 gramma
499 4241 513 4300 1
540 4244 574 4303 ct
601 4236 828 4303 Chloroformi
858 4239 1053 4303 centimetra
1076 4237 1191 4302 cubica
1215 4238 1257 4299 20
1280 4236 1314 4299 in
1339 4234 1458 4299 balneo
