<?xml version="1.0" encoding="UTF-8"?>
<!DOCTYPE html PUBLIC "-//W3C//DTD XHTML 1.0 Transitional//EN"
    "http://www.w3.org/TR/xhtml1/DTD/xhtml1-transitional.dtd">
<html xmlns="http://www.w3.org/1999/xhtml" xml:lang="en" lang="en">
 <head>
  <title>
</title>
<meta http-equiv="Content-Type" content="text/html;charset=utf-8" />
  <meta name='ocr-system' content='tesseract 3.04.00' />
  <meta name='ocr-capabilities' content='ocr_page ocr_carea ocr_par ocr_line ocrx_word'/>
</head>
<body>
  <div class='ocr_page' id='page_1' title='image "./pharmocopoeaned00zakegoog_0077.png"; bbox 0 0 3466 5038; ppageno 0'>
   <div class='ocr_carea' id='block_1_1' title="bbox 860 506 901 569">
    <p class='ocr_par' dir='ltr' id='par_1_1' title="bbox 860 506 901 569">
     <span class='ocr_line' id='line_1_1' title="bbox 860 506 901 569; baseline 0.024 -1"><span class='ocrx_word' id='word_1_1' title='bbox 860 506 901 569; x_wconf 84' lang='grc'><strong>46</strong></span> 
     </span>
    </p>
   </div>
   <div class='ocr_carea' id='block_1_2' title="bbox 308 699 1441 1424">
    <p class='ocr_par' dir='ltr' id='par_1_2' title="bbox 311 699 1441 1105">
     <span class='ocr_line' id='line_1_2' title="bbox 355 699 1440 787; baseline 0.003 -23"><span class='ocrx_word' id='word_1_2' title='bbox 355 700 462 764; x_wconf 88' lang='lat' dir='ltr'>Index</span> <span class='ocrx_word' id='word_1_3' title='bbox 495 699 750 776; x_wconf 89' lang='lat' dir='ltr'><strong>acidimatricus,</strong></span> <span class='ocrx_word' id='word_1_4' title='bbox 785 699 902 764; x_wconf 87' lang='lat' dir='ltr'><strong>eodem</strong></span> <span class='ocrx_word' id='word_1_5' title='bbox 935 699 1035 763; x_wconf 91' lang='lat' dir='ltr'><strong>modo</strong></span> <span class='ocrx_word' id='word_1_6' title='bbox 1069 703 1227 778; x_wconf 88' lang='lat' dir='ltr'><strong>statutus,</strong></span> <span class='ocrx_word' id='word_1_7' title='bbox 1259 723 1325 787; x_wconf 90' lang='lat' dir='ltr'><strong>quo</strong></span> <span class='ocrx_word' id='word_1_8' title='bbox 1349 702 1440 767; x_wconf 89' lang='lat' dir='ltr'><strong>Olcis</strong></span> 
     </span>
     <span class='ocr_line' id='line_1_3' title="bbox 311 805 1441 893; baseline 0.003 -23"><span class='ocrx_word' id='word_1_9' title='bbox 311 807 490 892; x_wconf 79' lang='lat' dir='ltr'>pinguibus</span> <span class='ocrx_word' id='word_1_10' title='bbox 524 806 764 891; x_wconf 87' lang='lat' dir='ltr'><strong>praescriptum</strong></span> <span class='ocrx_word' id='word_1_11' title='bbox 798 810 859 884; x_wconf 89' lang='lat' dir='ltr'><strong>est,</strong></span> <span class='ocrx_word' id='word_1_12' title='bbox 895 827 937 870; x_wconf 92' lang='lat' dir='ltr'><strong>ne</strong></span> <span class='ocrx_word' id='word_1_13' title='bbox 970 806 1015 870; x_wconf 88' lang='lat' dir='ltr'><strong>sit</strong></span> <span class='ocrx_word' id='word_1_14' title='bbox 1037 805 1147 871; x_wconf 91' lang='lat' dir='ltr'><strong>minor</strong></span> <span class='ocrx_word' id='word_1_15' title='bbox 1168 829 1267 893; x_wconf 90' lang='lat' dir='ltr'><strong>quam</strong></span> <span class='ocrx_word' id='word_1_16' title='bbox 1292 811 1333 872; x_wconf 78' lang='lat'><strong>28</strong></span> <span class='ocrx_word' id='word_1_17' title='bbox 1357 830 1441 874; x_wconf 88' lang='lat' dir='ltr'><strong>nava</strong></span> 
     </span>
     <span class='ocr_line' id='line_1_4' title="bbox 311 911 1440 998; baseline 0.003 -22"><span class='ocrx_word' id='word_1_18' title='bbox 311 913 417 978; x_wconf 89' lang='lat' dir='ltr'><strong>maior</strong></span> <span class='ocrx_word' id='word_1_19' title='bbox 451 935 550 998; x_wconf 91' lang='lat' dir='ltr'><strong>quam</strong></span> <span class='ocrx_word' id='word_1_20' title='bbox 584 915 644 992; x_wconf 79' lang='lat'><strong>84;</strong></span> <span class='ocrx_word' id='word_1_21' title='bbox 678 911 781 977; x_wconf 86' lang='lat' dir='ltr'><strong>index</strong></span> <span class='ocrx_word' id='word_1_22' title='bbox 814 913 1098 998; x_wconf 86' lang='lat' dir='ltr'><strong>saponificationis</strong></span> <span class='ocrx_word' id='word_1_23' title='bbox 1131 913 1176 977; x_wconf 89' lang='lat' dir='ltr'><strong>ab</strong></span> <span class='ocrx_word' id='word_1_24' title='bbox 1208 914 1316 979; x_wconf 89' lang='lat' dir='ltr'><strong>indice</strong></span> <span class='ocrx_word' id='word_1_25' title='bbox 1339 915 1440 980; x_wconf 89' lang='lat' dir='ltr'><strong>acidi-</strong></span> 
     </span>
     <span class='ocr_line' id='line_1_5' title="bbox 311 1019 966 1105; baseline 0.002 -22"><span class='ocrx_word' id='word_1_26' title='bbox 311 1020 449 1085; x_wconf 91' lang='lat' dir='ltr'><strong>metrico</strong></span> <span class='ocrx_word' id='word_1_27' title='bbox 472 1041 514 1084; x_wconf 88' lang='lat' dir='ltr'><strong>na</strong></span> <span class='ocrx_word' id='word_1_28' title='bbox 537 1020 612 1104; x_wconf 92' lang='lat' dir='ltr'><strong>plus</strong></span> <span class='ocrx_word' id='word_1_29' title='bbox 635 1041 734 1105; x_wconf 91' lang='lat' dir='ltr'><strong>quam</strong></span> <span class='ocrx_word' id='word_1_30' title='bbox 760 1022 801 1082; x_wconf 86' lang='lat'><strong>14</strong></span> <span class='ocrx_word' id='word_1_31' title='bbox 824 1019 966 1084; x_wconf 86' lang='lat' dir='ltr'><strong>differat.</strong></span> 
     </span>
    </p>

    <p class='ocr_par' dir='ltr' id='par_1_3' title="bbox 308 1124 1440 1424">
     <span class='ocr_line' id='line_1_6' title="bbox 355 1124 1439 1214; baseline 0.002 -24"><span class='ocrx_word' id='word_1_32' title='bbox 355 1127 546 1190; x_wconf 88' lang='lat' dir='ltr'><strong>Balsamum</strong></span> <span class='ocrx_word' id='word_1_33' title='bbox 580 1124 749 1210; x_wconf 87' lang='lat' dir='ltr'><strong>Copaivae</strong></span> <span class='ocrx_word' id='word_1_34' title='bbox 772 1125 1008 1191; x_wconf 88' lang='lat' dir='ltr'><strong>Surinamense</strong></span> <span class='ocrx_word' id='word_1_35' title='bbox 1031 1133 1131 1192; x_wconf 89' lang='lat' dir='ltr'><strong>tenue</strong></span> <span class='ocrx_word' id='word_1_36' title='bbox 1154 1127 1326 1212; x_wconf 89' lang='lat' dir='ltr'><strong>liquidum,</strong></span> <span class='ocrx_word' id='word_1_37' title='bbox 1350 1128 1439 1214; x_wconf 90' lang='lat' dir='ltr'><strong>quod</strong></span> 
     </span>
     <span class='ocr_line' id='line_1_7' title="bbox 308 1231 1440 1318; baseline 0.002 -22"><span class='ocrx_word' id='word_1_38' title='bbox 308 1232 376 1296; x_wconf 91' lang='lat' dir='ltr'><strong>illic</strong></span> <span class='ocrx_word' id='word_1_39' title='bbox 406 1255 537 1318; x_wconf 88' lang='lat' dir='ltr'><strong>quoque</strong></span> <span class='ocrx_word' id='word_1_40' title='bbox 561 1231 786 1317; x_wconf 85' lang='lat' dir='ltr'><strong>„hoepelolie”</strong></span> <span class='ocrx_word' id='word_1_41' title='bbox 810 1231 941 1310; x_wconf 88' lang='lat' dir='ltr'><strong>dicitur,</strong></span> <span class='ocrx_word' id='word_1_42' title='bbox 964 1233 1000 1297; x_wconf 93' lang='lat' dir='ltr'><strong>in</strong></span> <span class='ocrx_word' id='word_1_43' title='bbox 1023 1232 1121 1297; x_wconf 91' lang='lat' dir='ltr'><strong>India</strong></span> <span class='ocrx_word' id='word_1_44' title='bbox 1144 1233 1350 1298; x_wconf 88' lang='lat' dir='ltr'><strong>Occidentali</strong></span> <span class='ocrx_word' id='word_1_45' title='bbox 1373 1234 1440 1298; x_wconf 89' lang='lat' dir='ltr'><strong>Ne·</strong></span> 
     </span>
     <span class='ocr_line' id='line_1_8' title="bbox 309 1339 1132 1424; baseline 0.002 -22"><span class='ocrx_word' id='word_1_46' title='bbox 309 1339 499 1404; x_wconf 87' lang='lat' dir='ltr'><strong>derlandica</strong></span> <span class='ocrx_word' id='word_1_47' title='bbox 520 1341 556 1402; x_wconf 92' lang='lat' dir='ltr'><strong>in</strong></span> <span class='ocrx_word' id='word_1_48' title='bbox 579 1339 849 1424; x_wconf 89' lang='lat' dir='ltr'><strong>pharmacopolio</strong></span> <span class='ocrx_word' id='word_1_49' title='bbox 871 1339 1022 1404; x_wconf 81' lang='lat' dir='ltr'>adhiberi</span> <span class='ocrx_word' id='word_1_50' title='bbox 1044 1340 1132 1405; x_wconf 91' lang='lat' dir='ltr'><strong>licet.</strong></span> 
     </span>
    </p>
   </div>
   <div class='ocr_carea' id='block_1_3' title="bbox 527 1766 1220 1884">
    <p class='ocr_par' dir='ltr' id='par_1_4' title="bbox 527 1766 1220 1884">
     <span class='ocr_line' id='line_1_9' title="bbox 527 1766 1220 1884; baseline 0.007 -26"><span class='ocrx_word' id='word_1_51' title='bbox 527 1767 818 1860; x_wconf 83' lang='lat' dir='ltr'><strong>Balsamum</strong></span> <span class='ocrx_word' id='word_1_52' title='bbox 870 1766 1220 1884; x_wconf 69' lang='lat' dir='ltr'><strong>herculanum.</strong></span> 
     </span>
    </p>
   </div>
   <div class='ocr_carea' id='block_1_4' title="bbox 304 1942 1436 2329">
    <p class='ocr_par' dir='ltr' id='par_1_5' title="bbox 304 1942 1436 2329">
     <span class='ocr_line' id='line_1_10' title="bbox 353 1942 1435 2030; baseline 0.002 -23"><span class='ocrx_word' id='word_1_53' title='bbox 353 1943 554 2020; x_wconf 85' lang='lat' dir='ltr'><strong>Balsamum,</strong></span> <span class='ocrx_word' id='word_1_54' title='bbox 575 1943 749 2008; x_wconf 88' lang='lat' dir='ltr'><strong>collectum</strong></span> <span class='ocrx_word' id='word_1_55' title='bbox 767 1965 810 2006; x_wconf 86' lang='lat' dir='ltr'><strong>ex</strong></span> <span class='ocrx_word' id='word_1_56' title='bbox 829 1942 947 2007; x_wconf 92' lang='lat' dir='ltr'><strong>arbore</strong></span> <span class='ocrx_word' id='word_1_57' title='bbox 963 1943 1016 2007; x_wconf 93' lang='lat' dir='ltr'><strong>cui</strong></span> <span class='ocrx_word' id='word_1_58' title='bbox 1032 1964 1153 2007; x_wconf 88' lang='lat' dir='ltr'><strong>nomen</strong></span> <span class='ocrx_word' id='word_1_59' title='bbox 1169 1949 1221 2008; x_wconf 92' lang='lat' dir='ltr'><strong>est</strong></span> <span class='ocrx_word' id='word_1_60' title='bbox 1241 1944 1435 2030; x_wconf 86' lang='lat' dir='ltr'><strong>Myroxy-</strong></span> 
     </span>
     <span class='ocr_line' id='line_1_11' title="bbox 308 2049 1434 2135; baseline 0.001 -21"><span class='ocrx_word' id='word_1_61' title='bbox 308 2051 378 2115; x_wconf 91' lang='lat' dir='ltr'><strong>lon</strong></span> <span class='ocrx_word' id='word_1_62' title='bbox 409 2051 619 2128; x_wconf 90' lang='lat' dir='ltr'><strong>Pereirae,</strong></span> <span class='ocrx_word' id='word_1_63' title='bbox 644 2051 840 2128; x_wconf 74' lang='lat' dir='ltr'><strong>KaorzscH,</strong></span> <span class='ocrx_word' id='word_1_64' title='bbox 864 2050 900 2113; x_wconf 95' lang='lat' dir='ltr'><strong>in</strong></span> <span class='ocrx_word' id='word_1_65' title='bbox 924 2049 1143 2135; x_wconf 90' lang='lat' dir='ltr'><strong>Bonplandia,</strong></span> <span class='ocrx_word' id='word_1_66' title='bbox 1169 2051 1337 2134; x_wconf 66' lang='lat' dir='ltr'>V.(1857)</span> <span class='ocrx_word' id='word_1_67' title='bbox 1360 2050 1434 2128; x_wconf 79' lang='lat'>274,</span> 
     </span>
     <span class='ocr_line' id='line_1_12' title="bbox 307 2155 1436 2242; baseline -0.002 -20"><span class='ocrx_word' id='word_1_68' title='bbox 307 2159 445 2242; x_wconf 79' lang='lat' dir='ltr'><strong>stirpem</strong></span> <span class='ocrx_word' id='word_1_69' title='bbox 464 2179 532 2222; x_wconf 88' lang='lat' dir='ltr'><strong>uno</strong></span> <span class='ocrx_word' id='word_1_70' title='bbox 553 2157 607 2221; x_wconf 90' lang='lat' dir='ltr'><strong>vel</strong></span> <span class='ocrx_word' id='word_1_71' title='bbox 625 2157 777 2242; x_wconf 89' lang='lat' dir='ltr'><strong>pluribus</strong></span> <span class='ocrx_word' id='word_1_72' title='bbox 794 2157 877 2220; x_wconf 86' lang='lat' dir='ltr'><strong>locis</strong></span> <span class='ocrx_word' id='word_1_73' title='bbox 888 2155 1099 2241; x_wconf 87' lang='lat' dir='ltr'><strong>deglubendo</strong></span> <span class='ocrx_word' id='word_1_74' title='bbox 1110 2161 1144 2221; x_wconf 90' lang='lat' dir='ltr'><strong>et</strong></span> <span class='ocrx_word' id='word_1_75' title='bbox 1156 2162 1273 2240; x_wconf 87' lang='lat' dir='ltr'><strong>postea</strong></span> <span class='ocrx_word' id='word_1_76' title='bbox 1284 2155 1436 2220; x_wconf 79' lang='lat' dir='ltr'><strong>arborem</strong></span> 
     </span>
     <span class='ocr_line' id='line_1_13' title="bbox 304 2263 1346 2329; baseline -0.003 -1"><span class='ocrx_word' id='word_1_77' title='bbox 304 2264 348 2329; x_wconf 87' lang='lat' dir='ltr'><strong>iis</strong></span> <span class='ocrx_word' id='word_1_78' title='bbox 369 2264 452 2328; x_wconf 87' lang='lat' dir='ltr'><strong>locis</strong></span> <span class='ocrx_word' id='word_1_79' title='bbox 473 2265 509 2328; x_wconf 93' lang='lat' dir='ltr'><strong>in</strong></span> <span class='ocrx_word' id='word_1_80' title='bbox 532 2264 638 2328; x_wconf 90' lang='lat' dir='ltr'><strong>vicem</strong></span> <span class='ocrx_word' id='word_1_81' title='bbox 660 2264 779 2328; x_wconf 88' lang='lat' dir='ltr'><strong>leviter</strong></span> <span class='ocrx_word' id='word_1_82' title='bbox 801 2263 961 2328; x_wconf 88' lang='lat' dir='ltr'><strong>torrendo</strong></span> <span class='ocrx_word' id='word_1_83' title='bbox 984 2268 1018 2327; x_wconf 93' lang='lat' dir='ltr'><strong>et</strong></span> <span class='ocrx_word' id='word_1_84' title='bbox 1038 2263 1138 2328; x_wconf 90' lang='lat' dir='ltr'><strong>altius</strong></span> <span class='ocrx_word' id='word_1_85' title='bbox 1159 2263 1346 2328; x_wconf 88' lang='lat' dir='ltr'><strong>incidendo.</strong></span> 
     </span>
    </p>
   </div>
   <div class='ocr_carea' id='block_1_5' title="bbox 300 2405 1434 4300">
    <p class='ocr_par' dir='ltr' id='par_1_6' title="bbox 304 2405 1434 2918">
     <span class='ocr_line' id='line_1_14' title="bbox 351 2405 1432 2492; baseline 0 -22"><span class='ocrx_word' id='word_1_86' title='bbox 351 2407 476 2492; x_wconf 91' lang='lat' dir='ltr'><strong>Liquor</strong></span> <span class='ocrx_word' id='word_1_87' title='bbox 509 2405 693 2491; x_wconf 79' lang='lat' dir='ltr'><strong>perfuscus,</strong></span> <span class='ocrx_word' id='word_1_88' title='bbox 729 2407 823 2470; x_wconf 88' lang='lat' dir='ltr'><strong>cuins</strong></span> <span class='ocrx_word' id='word_1_89' title='bbox 858 2410 966 2470; x_wconf 86' lang='lat' dir='ltr'><strong>strata</strong></span> <span class='ocrx_word' id='word_1_90' title='bbox 1001 2405 1115 2469; x_wconf 91' lang='lat' dir='ltr'><strong>tenuia</strong></span> <span class='ocrx_word' id='word_1_91' title='bbox 1145 2405 1314 2490; x_wconf 91' lang='lat' dir='ltr'><strong>perlucida</strong></span> <span class='ocrx_word' id='word_1_92' title='bbox 1344 2411 1432 2482; x_wconf 86' lang='lat' dir='ltr'><strong>sunt,</strong></span> 
     </span>
     <span class='ocr_line' id='line_1_15' title="bbox 306 2511 1434 2598; baseline -0.003 -21"><span class='ocrx_word' id='word_1_93' title='bbox 306 2518 399 2577; x_wconf 81' lang='lat' dir='ltr'><strong>tactu</strong></span> <span class='ocrx_word' id='word_1_94' title='bbox 428 2514 647 2598; x_wconf 86' lang='lat' dir='ltr'><strong>unguinosus,</strong></span> <span class='ocrx_word' id='word_1_95' title='bbox 680 2513 825 2598; x_wconf 83' lang='lat' dir='ltr'><strong>spissus3</strong></span> <span class='ocrx_word' id='word_1_96' title='bbox 857 2533 963 2596; x_wconf 93' lang='lat' dir='ltr'><strong>neque</strong></span> <span class='ocrx_word' id='word_1_97' title='bbox 992 2512 1151 2577; x_wconf 80' lang='lat' dir='ltr'><strong>adhaeret</strong></span> <span class='ocrx_word' id='word_1_98' title='bbox 1182 2534 1289 2597; x_wconf 91' lang='lat' dir='ltr'><strong>neque</strong></span> <span class='ocrx_word' id='word_1_99' title='bbox 1316 2512 1353 2575; x_wconf 91' lang='lat' dir='ltr'><strong>in</strong></span> <span class='ocrx_word' id='word_1_100' title='bbox 1378 2511 1434 2575; x_wconf 84' lang='lat' dir='ltr'><strong>fila</strong></span> 
     </span>
     <span class='ocr_line' id='line_1_16' title="bbox 305 2617 1434 2703; baseline -0.002 -21"><span class='ocrx_word' id='word_1_101' title='bbox 305 2618 447 2683; x_wconf 76' lang='lat' dir='ltr'><strong>distrahi</strong></span> <span class='ocrx_word' id='word_1_102' title='bbox 478 2624 606 2703; x_wconf 82' lang='lat' dir='ltr'><strong>potest3</strong></span> <span class='ocrx_word' id='word_1_103' title='bbox 636 2641 712 2684; x_wconf 86' lang='lat' dir='ltr'><strong>aera</strong></span> <span class='ocrx_word' id='word_1_104' title='bbox 742 2641 809 2684; x_wconf 91' lang='lat' dir='ltr'><strong>non</strong></span> <span class='ocrx_word' id='word_1_105' title='bbox 836 2619 996 2683; x_wconf 87' lang='lat' dir='ltr'><strong>siccescit.</strong></span> <span class='ocrx_word' id='word_1_106' title='bbox 1043 2617 1135 2682; x_wconf 91' lang='lat' dir='ltr'><strong>Odor</strong></span> <span class='ocrx_word' id='word_1_107' title='bbox 1160 2619 1276 2703; x_wconf 91' lang='lat' dir='ltr'><strong>propie</strong></span> <span class='ocrx_word' id='word_1_108' title='bbox 1306 2639 1434 2682; x_wconf 88' lang='lat' dir='ltr'><strong>aroma-</strong></span> 
     </span>
     <span class='ocr_line' id='line_1_17' title="bbox 304 2724 1432 2810; baseline 0 -22"><span class='ocrx_word' id='word_1_109' title='bbox 304 2725 401 2802; x_wconf 87' lang='lat' dir='ltr'><strong>ticus,</strong></span> <span class='ocrx_word' id='word_1_110' title='bbox 435 2726 654 2804; x_wconf 82' lang='lat' dir='ltr'><strong>vanillaceus3</strong></span> <span class='ocrx_word' id='word_1_111' title='bbox 685 2747 786 2810; x_wconf 90' lang='lat' dir='ltr'><strong>sapor</strong></span> <span class='ocrx_word' id='word_1_112' title='bbox 815 2746 959 2810; x_wconf 90' lang='lat' dir='ltr'><strong>peracer,</strong></span> <span class='ocrx_word' id='word_1_113' title='bbox 992 2725 1047 2810; x_wconf 93' lang='lat' dir='ltr'><strong>qui</strong></span> <span class='ocrx_word' id='word_1_114' title='bbox 1078 2724 1198 2788; x_wconf 92' lang='lat' dir='ltr'><strong>deinde</strong></span> <span class='ocrx_word' id='word_1_115' title='bbox 1228 2745 1361 2788; x_wconf 90' lang='lat' dir='ltr'><strong>amarus</strong></span> <span class='ocrx_word' id='word_1_116' title='bbox 1384 2724 1432 2788; x_wconf 86' lang='lat' dir='ltr'><strong>fit.</strong></span> 
     </span>
     <span class='ocr_line' id='line_1_18' title="bbox 305 2831 972 2918; baseline 0 -24"><span class='ocrx_word' id='word_1_117' title='bbox 305 2831 440 2896; x_wconf 91' lang='lat' dir='ltr'><strong>Pondus</strong></span> <span class='ocrx_word' id='word_1_118' title='bbox 463 2833 650 2918; x_wconf 88' lang='lat' dir='ltr'><strong>specificum</strong></span> <span class='ocrx_word' id='word_1_119' title='bbox 677 2831 840 2910; x_wconf 79' lang='lat' dir='ltr'><strong>1‚140ad</strong></span> <span class='ocrx_word' id='word_1_120' title='bbox 865 2834 972 2908; x_wconf 81' lang='lat'>1,145.</span> 
     </span>
    </p>

    <p class='ocr_par' dir='ltr' id='par_1_7' title="bbox 301 2936 1432 3322">
     <span class='ocr_line' id='line_1_19' title="bbox 349 2936 1432 3023; baseline 0 -23"><span class='ocrx_word' id='word_1_121' title='bbox 349 2938 541 3003; x_wconf 86' lang='lat' dir='ltr'><strong>Balsamum</strong></span> <span class='ocrx_word' id='word_1_122' title='bbox 586 2939 804 3023; x_wconf 88' lang='lat' dir='ltr'><strong>peruvianum</strong></span> <span class='ocrx_word' id='word_1_123' title='bbox 845 2938 882 3001; x_wconf 93' lang='lat' dir='ltr'><strong>in</strong></span> <span class='ocrx_word' id='word_1_124' title='bbox 927 2937 1046 3001; x_wconf 91' lang='lat' dir='ltr'><strong>balneo</strong></span> <span class='ocrx_word' id='word_1_125' title='bbox 1087 2958 1192 3022; x_wconf 87' lang='lat' dir='ltr'><strong>aquae</strong></span> <span class='ocrx_word' id='word_1_126' title='bbox 1234 2936 1432 3003; x_wconf 81' lang='lat' dir='ltr'><strong>calefactum</strong></span> 
     </span>
     <span class='ocr_line' id='line_1_20' title="bbox 304 3043 1431 3128; baseline -0.001 -20"><span class='ocrx_word' id='word_1_127' title='bbox 304 3044 564 3109; x_wconf 69' lang='lat' dir='ltr'><strong>terebinthinam</strong></span> <span class='ocrx_word' id='word_1_128' title='bbox 594 3065 636 3108; x_wconf 92' lang='lat' dir='ltr'><strong>ne</strong></span> <span class='ocrx_word' id='word_1_129' title='bbox 666 3043 814 3109; x_wconf 87' lang='lat' dir='ltr'><strong>redoleat</strong></span> <span class='ocrx_word' id='word_1_130' title='bbox 845 3065 929 3108; x_wconf 88' lang='lat' dir='ltr'><strong>nova</strong></span> <span class='ocrx_word' id='word_1_131' title='bbox 959 3043 1144 3108; x_wconf 81' lang='lat' dir='ltr'><strong>balsamum</strong></span> <span class='ocrx_word' id='word_1_132' title='bbox 1167 3043 1326 3128; x_wconf 85' lang='lat' dir='ltr'><strong>copaivaa</strong></span> <span class='ocrx_word' id='word_1_133' title='bbox 1348 3065 1431 3107; x_wconf 91' lang='lat' dir='ltr'><strong>neve</strong></span> 
     </span>
     <span class='ocr_line' id='line_1_21' title="bbox 303 3150 1430 3236; baseline -0.002 -20"><span class='ocrx_word' id='word_1_134' title='bbox 303 3156 479 3235; x_wconf 84' lang='lat' dir='ltr'><strong>styracem,</strong></span> <span class='ocrx_word' id='word_1_135' title='bbox 511 3173 594 3216; x_wconf 90' lang='lat' dir='ltr'><strong>neve</strong></span> <span class='ocrx_word' id='word_1_136' title='bbox 617 3150 774 3236; x_wconf 91' lang='lat' dir='ltr'><strong>ponderis</strong></span> <span class='ocrx_word' id='word_1_137' title='bbox 797 3151 872 3235; x_wconf 86' lang='lat' dir='ltr'><strong>plus</strong></span> <span class='ocrx_word' id='word_1_138' title='bbox 895 3171 994 3236; x_wconf 92' lang='lat' dir='ltr'><strong>quam</strong></span> <span class='ocrx_word' id='word_1_139' title='bbox 1019 3156 1130 3235; x_wconf 84' lang='lat' dir='ltr'><strong>partes</strong></span> <span class='ocrx_word' id='word_1_140' title='bbox 1153 3151 1349 3214; x_wconf 88' lang='lat' dir='ltr'><strong>centesimas</strong></span> <span class='ocrx_word' id='word_1_141' title='bbox 1378 3153 1430 3226; x_wconf 80' lang='grc'><strong>2,5</strong></span> 
     </span>
     <span class='ocr_line' id='line_1_22' title="bbox 301 3258 446 3322; baseline 0.007 -2"><span class='ocrx_word' id='word_1_142' title='bbox 301 3258 446 3322; x_wconf 85' lang='lat' dir='ltr'><strong>amittat.</strong></span> 
     </span>
    </p>

    <p class='ocr_par' dir='ltr' id='par_1_8' title="bbox 300 3363 1431 3876">
     <span class='ocr_line' id='line_1_23' title="bbox 346 3363 1431 3449; baseline -0.001 -22"><span class='ocrx_word' id='word_1_143' title='bbox 346 3363 387 3427; x_wconf 95' lang='lat' dir='ltr'><strong>In</strong></span> <span class='ocrx_word' id='word_1_144' title='bbox 418 3365 565 3430; x_wconf 86' lang='lat' dir='ltr'><strong>Balsami</strong></span> <span class='ocrx_word' id='word_1_145' title='bbox 596 3363 769 3449; x_wconf 89' lang='lat' dir='ltr'><strong>peruviani</strong></span> <span class='ocrx_word' id='word_1_146' title='bbox 798 3363 1069 3449; x_wconf 81' lang='lat' dir='ltr'><strong>milligrammata</strong></span> <span class='ocrx_word' id='word_1_147' title='bbox 1106 3363 1176 3428; x_wconf 83' lang='lat' dir='ltr'><strong>fere</strong></span> <span class='ocrx_word' id='word_1_148' title='bbox 1204 3365 1268 3427; x_wconf 85' lang='lat'><strong>500</strong></span> <span class='ocrx_word' id='word_1_149' title='bbox 1303 3363 1431 3448; x_wconf 82' lang='lat' dir='ltr'><strong>agitata</strong></span> 
     </span>
     <span class='ocr_line' id='line_1_24' title="bbox 301 3469 1430 3556; baseline -0.002 -22"><span class='ocrx_word' id='word_1_150' title='bbox 301 3471 330 3534; x_wconf 93' lang='lat' dir='ltr'><strong>si</strong></span> <span class='ocrx_word' id='word_1_151' title='bbox 360 3470 446 3536; x_wconf 88' lang='lat' dir='ltr'><strong>acidi</strong></span> <span class='ocrx_word' id='word_1_152' title='bbox 476 3470 628 3535; x_wconf 79' lang='lat' dir='ltr'><strong>sulfurici</strong></span> <span class='ocrx_word' id='word_1_153' title='bbox 658 3472 814 3536; x_wconf 88' lang='lat' dir='ltr'><strong>volumen</strong></span> <span class='ocrx_word' id='word_1_154' title='bbox 837 3470 962 3556; x_wconf 86' lang='lat' dir='ltr'><strong>duplex</strong></span> <span class='ocrx_word' id='word_1_155' title='bbox 983 3470 1176 3548; x_wconf 89' lang='lat' dir='ltr'><strong>instillatur,</strong></span> <span class='ocrx_word' id='word_1_156' title='bbox 1200 3469 1333 3534; x_wconf 86' lang='lat' dir='ltr'><strong>exsistit</strong></span> <span class='ocrx_word' id='word_1_157' title='bbox 1355 3469 1430 3554; x_wconf 91' lang='lat' dir='ltr'><strong>puls</strong></span> 
     </span>
     <span class='ocr_line' id='line_1_25' title="bbox 302 3561 1429 3663; baseline -0.002 -23"><span class='ocrx_word' id='word_1_158' title='bbox 302 3575 441 3641; x_wconf 87' lang='lat' dir='ltr'><strong>obscure</strong></span> <span class='ocrx_word' id='word_1_159' title='bbox 470 3578 581 3654; x_wconf 88' lang='lat' dir='ltr'><strong>rubra,</strong></span> <span class='ocrx_word' id='word_1_160' title='bbox 606 3561 698 3663; x_wconf 82' lang='lat' dir='ltr'><strong>quae,</strong></span> <span class='ocrx_word' id='word_1_161' title='bbox 723 3577 922 3662; x_wconf 81' lang='lat' dir='ltr'><strong>refrigerata</strong></span> <span class='ocrx_word' id='word_1_162' title='bbox 945 3582 979 3641; x_wconf 89' lang='lat' dir='ltr'><strong>et</strong></span> <span class='ocrx_word' id='word_1_163' title='bbox 1000 3597 1087 3662; x_wconf 86' lang='lat' dir='ltr'><strong>aqua</strong></span> <span class='ocrx_word' id='word_1_164' title='bbox 1110 3575 1295 3661; x_wconf 84' lang='lat' dir='ltr'><strong>superfusa,</strong></span> <span class='ocrx_word' id='word_1_165' title='bbox 1316 3596 1429 3660; x_wconf 90' lang='lat' dir='ltr'><strong>snper-</strong></span> 
     </span>
     <span class='ocr_line' id='line_1_26' title="bbox 301 3681 1428 3769; baseline 0 -24"><span class='ocrx_word' id='word_1_166' title='bbox 301 3681 407 3746; x_wconf 85' lang='lat' dir='ltr'><strong>ficiem</strong></span> <span class='ocrx_word' id='word_1_167' title='bbox 438 3684 619 3748; x_wconf 81' lang='lat' dir='ltr'><strong>violaceam</strong></span> <span class='ocrx_word' id='word_1_168' title='bbox 653 3683 788 3750; x_wconf 88' lang='lat' dir='ltr'><strong>exhibet</strong></span> <span class='ocrx_word' id='word_1_169' title='bbox 819 3704 977 3769; x_wconf 85' lang='lat' dir='ltr'><strong>quaeque,</strong></span> <span class='ocrx_word' id='word_1_170' title='bbox 1009 3705 1096 3768; x_wconf 87' lang='lat' dir='ltr'><strong>aqua</strong></span> <span class='ocrx_word' id='word_1_171' title='bbox 1126 3683 1226 3760; x_wconf 89' lang='lat' dir='ltr'><strong>eluta,</strong></span> <span class='ocrx_word' id='word_1_172' title='bbox 1249 3703 1326 3746; x_wconf 90' lang='lat' dir='ltr'><strong>aere</strong></span> <span class='ocrx_word' id='word_1_173' title='bbox 1349 3703 1428 3746; x_wconf 85' lang='lat' dir='ltr'><strong>mox</strong></span> 
     </span>
     <span class='ocr_line' id='line_1_27' title="bbox 300 3787 824 3876; baseline 0.004 -24"><span class='ocrx_word' id='word_1_174' title='bbox 300 3787 447 3854; x_wconf 86' lang='lat' dir='ltr'><strong>durescit</strong></span> <span class='ocrx_word' id='word_1_175' title='bbox 470 3795 504 3854; x_wconf 88' lang='lat' dir='ltr'><strong>ct</strong></span> <span class='ocrx_word' id='word_1_176' title='bbox 526 3790 623 3856; x_wconf 81' lang='lat' dir='ltr'><strong>facile</strong></span> <span class='ocrx_word' id='word_1_177' title='bbox 646 3789 824 3876; x_wconf 85' lang='lat' dir='ltr'><strong>frangitur.</strong></span> 
     </span>
    </p>

    <p class='ocr_par' dir='ltr' id='par_1_9' title="bbox 300 3893 1429 4089">
     <span class='ocr_line' id='line_1_28' title="bbox 346 3893 1429 3982; baseline -0.002 -23"><span class='ocrx_word' id='word_1_178' title='bbox 346 3896 537 3961; x_wconf 88' lang='lat' dir='ltr'><strong>Balsamum</strong></span> <span class='ocrx_word' id='word_1_179' title='bbox 579 3897 808 3982; x_wconf 64' lang='lat' dir='ltr'><strong>percilianum,</strong></span> <span class='ocrx_word' id='word_1_180' title='bbox 851 3896 968 3961; x_wconf 91' lang='lat' dir='ltr'><strong>addito</strong></span> <span class='ocrx_word' id='word_1_181' title='bbox 1009 3897 1130 3982; x_wconf 88' lang='lat' dir='ltr'><strong>spiritu</strong></span> <span class='ocrx_word' id='word_1_182' title='bbox 1172 3917 1233 3981; x_wconf 92' lang='lat' dir='ltr'><strong>pro</strong></span> <span class='ocrx_word' id='word_1_183' title='bbox 1280 3893 1429 3980; x_wconf 86' lang='lat' dir='ltr'><strong>qualibet</strong></span> 
     </span>
     <span class='ocr_line' id='line_1_29' title="bbox 300 4001 1427 4089; baseline -0.002 -22"><span class='ocrx_word' id='word_1_184' title='bbox 300 4003 463 4088; x_wconf 89' lang='lat' dir='ltr'><strong>portione,</strong></span> <span class='ocrx_word' id='word_1_185' title='bbox 471 4004 634 4089; x_wconf 88' lang='lat' dir='ltr'><strong>liquorem</strong></span> <span class='ocrx_word' id='word_1_186' title='bbox 649 4003 828 4069; x_wconf 89' lang='lat' dir='ltr'><strong>reactionis</strong></span> <span class='ocrx_word' id='word_1_187' title='bbox 840 4003 963 4082; x_wconf 85' lang='lat' dir='ltr'><strong>acidae,</strong></span> <span class='ocrx_word' id='word_1_188' title='bbox 973 4004 1093 4068; x_wconf 88' lang='lat' dir='ltr'><strong>leviter</strong></span> <span class='ocrx_word' id='word_1_189' title='bbox 1100 4002 1271 4067; x_wconf 89' lang='lat' dir='ltr'><strong>turbidum</strong></span> <span class='ocrx_word' id='word_1_190' title='bbox 1281 4001 1427 4088; x_wconf 90' lang='lat' dir='ltr'><strong>praebet.</strong></span> 
     </span>
    </p>

    <p class='ocr_par' dir='ltr' id='par_1_10' title="bbox 300 4109 1427 4300">
     <span class='ocr_line' id='line_1_30' title="bbox 344 4109 1425 4196; baseline -0.002 -23"><span class='ocrx_word' id='word_1_191' title='bbox 344 4109 491 4175; x_wconf 87' lang='lat' dir='ltr'><strong>Balsami</strong></span> <span class='ocrx_word' id='word_1_192' title='bbox 525 4109 699 4194; x_wconf 89' lang='lat' dir='ltr'><strong>peruviani</strong></span> <span class='ocrx_word' id='word_1_193' title='bbox 723 4115 910 4196; x_wconf 85' lang='lat' dir='ltr'><strong>grammata</strong></span> <span class='ocrx_word' id='word_1_194' title='bbox 934 4113 953 4173; x_wconf 80' lang='grc'>2</span> <span class='ocrx_word' id='word_1_195' title='bbox 976 4109 1019 4174; x_wconf 91' lang='lat' dir='ltr'><strong>ad</strong></span> <span class='ocrx_word' id='word_1_196' title='bbox 1043 4112 1072 4186; x_wconf 89' lang='grc'><strong>3,</strong></span> <span class='ocrx_word' id='word_1_197' title='bbox 1098 4114 1252 4174; x_wconf 88' lang='lat' dir='ltr'><strong>accurata</strong></span> <span class='ocrx_word' id='word_1_198' title='bbox 1276 4114 1425 4192; x_wconf 90' lang='lat' dir='ltr'><strong>pensata,</strong></span> 
     </span>
     <span class='ocr_line' id='line_1_31' title="bbox 300 4214 1427 4300; baseline -0.003 -21"><span class='ocrx_word' id='word_1_199' title='bbox 300 4215 338 4293; x_wconf 87' lang='lat' dir='ltr'><strong>ai,</strong></span> <span class='ocrx_word' id='word_1_200' title='bbox 369 4216 548 4280; x_wconf 88' lang='lat' dir='ltr'><strong>solutionis</strong></span> <span class='ocrx_word' id='word_1_201' title='bbox 579 4215 732 4300; x_wconf 74' lang='lat' dir='ltr'><strong>hydr-atis</strong></span> <span class='ocrx_word' id='word_1_202' title='bbox 763 4215 884 4281; x_wconf 89' lang='lat' dir='ltr'><strong>natriai</strong></span> <span class='ocrx_word' id='word_1_203' title='bbox 915 4215 1121 4280; x_wconf 89' lang='lat' dir='ltr'><strong>centimetris</strong></span> <span class='ocrx_word' id='word_1_204' title='bbox 1159 4214 1283 4279; x_wconf 82' lang='lat' dir='ltr'><strong>cubicis</strong></span> <span class='ocrx_word' id='word_1_205' title='bbox 1318 4216 1359 4277; x_wconf 89' lang='lat'><strong>10</strong></span> <span class='ocrx_word' id='word_1_206' title='bbox 1393 4217 1427 4276; x_wconf 90' lang='lat' dir='ltr'><strong>at</strong></span> 
     </span>
    </p>
   </div>
   <div class='ocr_carea' id='block_1_6' title="bbox 0 0 1738 5038">
    <p class='ocr_par' dir='ltr' id='par_1_11' title="bbox 0 0 1738 5038">
     <span class='ocr_line' id='line_1_32' title="bbox 0 0 1738 5038; baseline 0 4"><span class='ocrx_word' id='word_1_207' title='bbox 0 0 1738 5038; x_wconf 95' lang='lat' dir='ltr'><strong> </strong></span> 
     </span>
    </p>
   </div>
  </div>
 </body>
</html>
