3544 5050
877 505 942 569 378

571 696 620 794 -Ι-
654 698 890 820 Sinopes
931 702 1165 822 otiatus.

388 903 489 969 Misee

439 1017 610 1068 Tinctum
638 1017 708 1080 Opn
736 1018 870 1088 partes
891 1013 1064 1089 quinque
1091 1057 1378 1074 ........
1455 1019 1473 1073 5

440 1114 550 1179 Sirupi
576 1115 734 1179 simplius
762 1110 947 1186 pertibus
968 1113 1189 1186 nonaginta
1210 1114 1383 1189 quinque
1435 1113 1473 1170 95

386 1223 528 1310 Sirupus
550 1223 667 1290 flavus.

803 1511 1004 1522 m

528 1777 577 1875 -Ι-
610 1778 846 1901 Sirenas
882 1781 1200 1900 Papaveris.

383 1985 485 2050 Misce

435 2098 614 2149 fruetuum
640 2097 815 2161 Papaveris
845 2092 883 2149 in
912 2092 1112 2169 pulverem
1143 2092 1186 2168 (A
1209 2091 1252 2170 ῃ)
1277 2091 1380 2150 reda-

476 2197 624 2248 ctorum
647 2197 781 2266 partes
802 2188 931 2246 decem
965 2234 1373 2250 ...........
1434 2192 1470 2250 10

435 2294 546 2358 Aquae
567 2287 752 2364 partibus
772 2286 1043 2364 quadraginta
1085 2332 1372 2348 ........
1430 2289 1469 2346 40

336 2391 369 2452 et
392 2407 516 2472 sepone
539 2408 598 2471 per
621 2387 720 2450 hores
746 2387 796 2450 12.

380 2494 524 2558 Massam
541 2494 577 2557 in
596 2493 837 2578 percolatorem
855 2493 1028 2557 inmissam
1042 2514 1101 2578 per
1111 2515 1230 2578 equam
1242 2493 1374 2578 percolo
1386 2493 1466 2558 dum

335 2602 444 2687 liquor
467 2601 617 2666 defluens
640 2601 760 2666 eoloris
784 2599 853 2664 fere
877 2621 996 2685 expers
1019 2599 1073 2664 sit.

379 2707 556 2794 Liquorem
579 2707 615 2770 in
638 2707 756 2772 balneo
779 2728 883 2792 aquae
902 2704 1027 2771 eelfeoe
1039 2706 1117 2770 dum
1129 2707 1334 2772 albuminate
1346 2729 1465 2792 eoagu-

334 2816 401 2880 lata
424 2815 507 2893 sint;
532 2815 613 2892 oola,
638 2835 783 2899 evapora
805 2814 885 2877 dum
908 2813 1076 2898 supersint

434 2929 568 2999 partes
589 2919 992 2997 duodequadraginta
1000 2963 1370 2980 ..........
1429 2921 1467 2978 38

381 3023 408 3086 Ε
431 3043 497 3108 quo
520 3021 648 3108 liquore
671 3042 751 3108 para
774 3043 833 3106 per

432 3134 583 3186 esocem
611 3134 746 3206 partes
767 3129 979 3204 sexaginta
1000 3125 1096 3184 duas
1123 3170 1370 3185 .......
1429 3126 1466 3183 62

432 3232 540 3296 Simpl
568 3233 703 3303 partes
730 3233 884 3284 centum
925 3267 1371 3285 ............
1410 3223 1468 3280 100

378 3324 520 3409 Sirupus
542 3325 630 3389 elate
653 3324 777 3390 fuseus.

796 3555 998 3564 ————.-1-v

370 3811 420 3909 -Ι-
453 3814 689 3936 Sirupus
737 3813 969 3908 thamni
1019 3813 1343 3932 frenantes.

377 4019 524 4085 Infunde
547 4042 606 4107 per
628 4022 745 4086 horam
771 4023 788 4084 l

430 4133 908 4197 conflohnhamnll'mnqulee
922 4128 962 4184 in
976 4125 1175 4203 pulverem
1190 4125 1234 4202 (A
1250 4124 1293 4203 με)
1309 4123 1455 4186 redacti

471 4236 604 4305 partes
625 4227 752 4286 decem
761 4268 1366 4287 ................
1427 4227 1464 4286 10
