3584 5026
862 451 925 512 246

372 644 486 710 Genus
509 643 723 728 Mylabris
747 667 766 708 a
789 665 910 729 genere
935 643 1067 728 Lytta
1089 642 1308 729 distinguitur
1320 665 1458 730 corpore

326 755 499 835 eompaoto
522 755 556 814 et
578 749 688 815 colore
711 750 904 834 plerumque
927 749 1024 834 nigro
1043 749 1236 834 elytrorum,
1258 751 1349 816 striis
1361 751 1458 816 flavis

328 858 379 921 vel
391 855 590 922 flavorubris
602 855 838 941 praeditorum,
851 861 942 921 retro
955 855 1179 922 dilatatorum.
1198 857 1314 943 Caput,
1328 859 1457 936 thorax,

327 963 492 1028 abdomen
522 985 582 1028 nee
613 963 723 1028 minus
746 968 912 1029 antennae
935 969 969 1028 et
991 964 1093 1049 pedes
1116 965 1212 1050 nigra
1235 985 1307 1030 esse
1338 965 1457 1030 solent.

327 1071 503 1136 Antennae
526 1070 654 1148 hravan,
679 1070 819 1136 anieno
844 1077 993 1135 extremo
1016 1071 1157 1136 clavato.

373 1175 1459 1263 MylabrisOiohoriiFABR.(CantharisChinensis)

327 1285 362 1350 in
386 1284 458 1349 basi
481 1285 665 1369 elytrorum
689 1285 790 1350 habet
814 1288 832 1348 2
857 1286 1002 1351 maculas
1026 1286 1201 1352 oohraoeas
1224 1290 1259 1351 et
1282 1291 1358 1371 post
1371 1289 1458 1350 east

328 1391 428 1456 strias
450 1391 545 1469 latas,
571 1391 724 1456 dentatas
748 1391 895 1456 eiusdem
918 1392 1048 1457 eoloris.

373 1498 587 1583 Mylabris
621 1499 851 1582 pustulata
886 1500 1003 1563 BILLB.
1037 1499 1138 1564 habet
1168 1502 1188 1563 3
1220 1499 1320 1564 strias
1351 1504 1459 1564 trans-

329 1625 444 1669 versas
466 1604 570 1670 flavas
594 1606 649 1669 vel
672 1606 890 1684 aurantiaeas,
914 1606 1103 1672 undulatos.

372 1711 555 1798 Utriusque
579 1712 699 1797 speciei
721 1713 848 1778 insecta
863 1713 1058 1778 centimetra
1073 1713 1457 1797 l,8ad2,810ngasunt,

328 1817 397 1883 lata
419 1818 609 1884 millimetra
632 1822 651 1883 6
675 1819 718 1884 ad
742 1822 771 1884 9.

374 1925 577 2011 Mylabrides
599 1927 668 1992 sint
686 1927 837 2012 integrae
855 1949 917 1992 nee
939 1949 1101 1994 corrosae.

373 2032 597 2118 Mylabridum
616 2032 728 2118 pulvis
743 2034 787 2117 (B
799 2035 843 2119 30)
854 2032 1077 2099 cantharidini
1088 2033 1259 2099 contineat
1270 2054 1339 2097 non
1350 2031 1459 2096 minus

328 2160 429 2223 quam
440 2141 545 2224 partis
556 2140 756 2206 centesimae
767 2141 902 2225 quintas
915 2145 983 2205 tres
995 2143 1078 2224 (0,6)
1090 2145 1125 2204 at
1137 2140 1212 2225 plus
1224 2140 1394 2204 continere
1407 2160 1459 2203 so-

328 2246 408 2310 lent.
450 2245 621 2326 Quantum
659 2247 750 2324 insit,
791 2251 959 2312 statuatur
996 2247 1094 2312 modo
1132 2247 1167 2310 in
1199 2245 1459 2311 Cantharidibus

328 2352 505 2438 descripto

373 2459 414 2523 ln
444 2460 542 2524 India
574 2460 737 2526 Orientali
767 2461 1011 2526 Nederlandioa
1042 2458 1255 2546 Mylabrides,
1286 2481 1370 2545 quae
1393 2458 1459 2523 illio

328 2566 462 2631 nomine
495 2568 710 2633 andelandol
742 2573 914 2646 vocantur,
949 2569 1023 2633 loeo
1047 2566 1289 2634 Canthalidum
1311 2565 1460 2631 adhiberi

327 2673 414 2751 lieet,
439 2673 618 2756 durnmodo
641 2675 727 2739 ratio
747 2675 909 2740 habeatur
919 2674 1117 2760 quantitatis
1128 2673 1350 2740 cantharidini
1360 2694 1459 2758 quam

329 2779 533 2865 Mylabrides
554 2782 756 2846 contineant.

374 2887 454 2951 Per
475 2888 637 2954 calcem
660 2889 803 2955 vivam
826 2889 1077 2954 servandae.

795 3109 999 3124 -ι--ού-ο-ι-

697 3294 747 3392 ÷
783 3298 1008 3416 llyrrha.

374 3473 618 3541 Gummiresina
653 3498 752 3562 quam
786 3475 947 3560 praebent
980 3473 1141 3559 quaedam
1176 3473 1301 3558 speeies
1329 3471 1459 3558 generis

331 3581 668 3669 Commiphorae.
694 3583 801 3648 Suous
823 3582 949 3648 lacteus
969 3603 987 3645 e
1006 3582 1110 3666 stirpe
1122 3581 1268 3644 etramie
1281 3579 1459 3665 profluens,

329 3712 405 3754 aere
427 3691 612 3755 induratus,

375 3851 496 3916 Frusta
518 3852 675 3929 enormia,
699 3851 787 3916 flava
809 3856 868 3915 aut
888 3849 1051 3914 subrubra
1069 3853 1128 3913 aut
1144 3847 1247 3925 fuson,
1260 3846 1351 3910 intus
1363 3864 1459 3928 saepe

329 3958 453 4043 passim
477 3958 659 4036 subalbida,
686 3957 857 4042 superficie
881 3956 1122 4041 pulverulenta,
1147 3953 1288 4040 fragilia,
1313 3951 1460 4016 fractura

330 4085 424 4131 cerae
445 4065 554 4130 instar
575 4087 644 4130 non
667 4065 796 4129 nitenti.
841 4063 933 4128 Odor
955 4062 1172 4140 aromaticus;
1196 4081 1296 4145 sapor
1318 4077 1458 4133 amarus,

329 4175 523 4238 constanter
544 4193 628 4239 aeer.
