3582 5034
846 450 909 512 286

311 641 569 705 adhaerentibus
592 641 777 725 liberatum,
803 642 836 704 in
861 643 970 708 (110000
994 648 1110 707 tenues
1134 649 1263 708 secetur
1274 649 1309 708 et
1324 645 1444 710 caloris

311 749 418 832 gradu
442 749 582 813 siccetur
605 771 674 813 non
697 750 771 834 plus
794 771 894 834 quam
919 749 986 813 60⁰.

349 855 1446 940 PulvisOpiifiavofuscusest,hygroscopicus;calorisgradu100⁰

311 962 462 1038 siccatus,
487 961 643 1046 ponderis
666 985 708 1026 ne
731 962 805 1048 plus
818 984 917 1046 quam
930 967 1042 1046 partes
1054 961 1252 1027 centesimas
1267 965 1285 1026 5
1298 962 1441 1027 amittat.

357 1069 418 1132 Per
440 1068 695 1154 n1ic1·oscopium
719 1069 883 1153 spectanti
907 1069 1020 1132 Pulvis
1044 1069 1122 1154 Opii
1145 1090 1187 1133 ne
1206 1069 1343 1134 alterius
1359 1070 1444 1134 telae

311 1176 474 1239 elementa
494 1175 648 1239 exhibeat
667 1175 732 1239 nisi
755 1197 838 1260 quae
858 1196 958 1260 supra
969 1174 1135 1259 descripta
1148 1180 1226 1239 sunt
1239 1180 1273 1239 et
1284 1176 1442 1261 amylum,

311 1281 462 1345 additum
486 1286 523 1345 ut
547 1282 635 1345 iusta
658 1282 827 1367 morphini
850 1302 927 1366 pars
951 1281 1041 1345 insit.

356 1387 468 1451 Pulvis
493 1387 570 1471 Opii
593 1387 761 1472 morphini
784 1393 897 1473 partes
920 1388 1117 1452 centesimas
1143 1391 1183 1451 10
1206 1389 1386 1468 contineat,
1410 1390 1445 1453 id

310 1493 399 1579 quod
423 1493 470 1557 ita
492 1494 652 1557 statuitur
675 1499 709 1558 et
727 1499 947 1579 temperatur:
972 1493 1160 1580 Diligenter
1178 1495 1280 1559 misce
1299 1495 1445 1580 pulveris

313 1601 391 1686 Opii
420 1607 606 1685 grammata
637 1604 691 1678 3‚3
721 1623 825 1686 aquae
856 1600 926 1665 fere
949 1601 1020 1686 pari
1049 1601 1246 1685 quantitate,
1279 1603 1331 1666 his
1360 1602 1444 1667 adde

312 1729 416 1794 aquae
445 1709 642 1772 centimetra
675 1707 790 1773 cubica
823 1711 881 1786 10;
917 1707 1071 1772 omnibus
1102 1707 1155 1771 his
1182 1708 1218 1771 in
1240 1709 1444 1773 cucurbitam

311 1815 431 1880 siccam
450 1814 522 1878 noti
541 1815 697 1900 ponderis
709 1813 866 1879 immissis
878 1814 963 1878 adde
973 1836 1088 1879 recens
1100 1814 1281 1879 mixtorum
1294 1816 1446 1900 hydratis

311 1921 423 1987 calcici
457 1928 491 1986 et
524 1943 628 2007 aquae
650 1924 683 2006 (1
703 1949 736 1982 :
756 1924 812 2004 20)
835 1921 1032 1986 centimetra
1065 1919 1181 1986 cubica
1206 1925 1246 1985 10
1278 1927 1312 1986 et
1341 1943 1445 2008 aquae
1478 1957 1485 1972 ·

311 2034 453 2106 tantum,
470 2033 643 2106 uteorum,
656 2050 740 2114 quae
755 2027 926 2093 cucurbita
940 2027 1119 2110 contineat,
1133 2027 1264 2112 pondus
1280 2028 1326 2092 sit
1337 2050 1445 2113 gram-

311 2140 438 2200 matum
459 2138 512 2200 35.
537 2135 740 2220 Frequenter
762 2140 959 2200 convertens
984 2157 1042 2219 per
1065 2135 1164 2198 horas
1184 2137 1204 2198 3
1224 2156 1364 2220 sepone;
1385 2157 1444 2220 per

311 2241 436 2306 filtrum
467 2241 710 2327 complicatum,
743 2242 875 2319 siccum,
906 2241 1000 2306 radio
1024 2241 1257 2306 centimetrum
1282 2243 1312 2318 4,
1336 2241 1442 2319 filtra;

311 2349 511 2414 filtratorum
543 2355 730 2435 grammata
762 2352 803 2412 20
838 2352 891 2434 (z
909 2348 1058 2412 Pulveris
1091 2347 1168 2432 Opii
1198 2352 1385 2432 grammata
1411 2351 1445 2432 2)

310 2477 385 2520 cum
408 2456 552 2519 aetheris
586 2455 792 2521 centimetris
825 2456 949 2522 cubicis
983 2459 1023 2518 10
1047 2461 1081 2519 et
1103 2454 1243 2520 chloreti
1265 2455 1444 2520 ammonici

312 2561 590 2646 milligrammatis
612 2565 684 2640 200,
706 2586 765 2648 per
784 2565 885 2626 horae
905 2568 1034 2647 partem
1049 2566 1202 2647 quartam
1215 2561 1346 2626 assidue
1366 2585 1443 2627 con·

309 2674 475 2753 quassata,
507 2691 566 2754 per
593 2671 692 2735 horas
717 2673 758 2733 24
781 2691 915 2756 sepone.
962 2669 1057 2733 Adde
1080 2668 1224 2732 aetheris
1247 2668 1443 2733 centimetra

310 2774 427 2840 cubica
458 2779 487 2852 5,
519 2776 681 2861 liquorem
712 2776 902 2840 aethereum
934 2775 969 2839 in
992 2776 1117 2840 filtrum
1142 2775 1263 2840 siccum
1287 2774 1439 2852 immitte,

309 2882 472 2966 liquorem
495 2904 655 2967 aquosum
678 2883 799 2948 iterum
823 2905 897 2948 cum
913 2881 1057 2946 aetheris
1068 2880 1274 2946 centimetris
1285 2880 1441 2946 cubicis5

308 2993 476 3066 converte,
501 3010 585 3073 quae
608 2990 642 3052 in
666 2989 752 3054 idem
772 2990 897 3054 filtrum
914 2990 1084 3053 immittes.
1110 2987 1195 3053 Cum
1208 2988 1323 3051 aether
1335 2993 1442 3052 trans-

309 3096 431 3160 missus
465 3097 538 3173 erit,
575 3098 741 3181 morphini
777 3097 894 3161 secreti
925 3101 1086 3182 quantum
1110 3095 1236 3180 poteris
1259 3094 1294 3157 in
1317 3095 1441 3158 filtrum

309 3201 428 3286 collige
462 3207 496 3265 et
526 3202 732 3267 cucurbitam
762 3203 952 3288 filtrumque
975 3224 1061 3287 aqua
1083 3201 1180 3266 ablue
1201 3201 1281 3264 dum
1304 3200 1442 3285 liquoris

310 3307 487 3372 defluentis
510 3314 606 3393 gutta
633 3313 647 3371 1
674 3310 1027 3395 phenolphthaleinum
1051 3331 1119 3373 000
1139 3308 1281 3393 amplius
1300 3307 1440 3383 coloret;

309 3415 398 3499 quod
410 3421 448 3479 ut
460 3416 527 3493 fiat,
540 3438 644 3501 01000
656 3417 852 3482 centimetra
863 3417 978 3482 cubica
992 3421 1032 3480 15
1045 3415 1275 3480 adhibeantur.
1300 3414 1441 3478 Filtrum

310 3529 344 3587 et
376 3545 461 3608 quae
494 3523 644 3588 continet
678 3525 712 3586 in
746 3524 951 3589 cucurbitam
986 3523 1119 3587 inmitte
1143 3529 1184 3599 et,
1209 3521 1334 3586 additis
1356 3520 1443 3586 acidi

310 3627 460 3693 sulfurici
483 3629 716 3694 decinonnalis
738 3630 942 3694 centimetris
965 3629 1089 3694 cubicis
1114 3631 1165 3706 20,
1189 3633 1347 3694 converte
1362 3627 1442 3691 dum

309 3735 520 3820 morphinum
545 3737 690 3802 solutum
715 3738 767 3801 sit.
794 3737 907 3815 Filtra,
932 3736 1135 3802 cucurbitam
1155 3737 1344 3820 tiltrumque
1357 3755 1441 3818 aqua

309 3842 405 3904 ablue
429 3841 508 3906 dum
531 3843 640 3929 liquor
663 3843 811 3908 defluens
831 3867 898 3907 non
911 3844 1051 3929 amplius
1063 3841 1241 3906 reactionis
1253 3842 1297 3905 sit
1309 3840 1440 3917 acidae;

309 3947 432 4012 additis
458 3949 721 4035 haematoxylini
733 3951 839 4036 guttis
852 3953 882 4028 6,
896 3950 980 4014 acidi
992 3949 1214 4033 quantitatem
1227 3946 1440 4012 excedentem

310 4075 369 4138 per
390 4056 487 4120 alcali
508 4056 731 4121 decinormale
749 4057 930 4122 retrotitra.
956 4055 1052 4121 Acidi
1063 4054 1233 4121 coniuncti
1244 4053 1441 4118 centimetra

311 4160 425 4226 cubica
444 4162 576 4247 singula
596 4163 762 4248 morphini
785 4164 1054 4249 milligrammata
1079 4165 1153 4238 28‚5
1175 4160 1336 4227 indicant.
