3466 5038
802 530 845 594 49

263 724 578 823 †Benz⁰as
618 726 861 820 natrices
900 752 1009 819 eum
1044 723 1294 820 Gellelne.

295 893 436 960 Ooffeini
460 897 497 958 ei
518 893 696 958 Benzoelie
719 892 840 958 nutrici
863 898 976 986 peries
999 892 1140 957 totidem
1163 893 1298 958 mixtae.

295 1046 394 1112 Solve
416 1047 486 1111 leni
509 1046 617 1110 celere

346 1159 517 1211 emti·
535 1158 655 1210 nutrici
668 1194 1318 1213 .................
1368 1153 1381 1209 l
1438 1222 1441 1228 ,

254 1239 286 1415 ft
347 1327 479 1381 Goflelni
500 1328 635 1399 partes
663 1321 843 1396 singulas
870 1363 1317 1380 ............
1368 1321 1381 1378 1

253 1423 286 1465 m
347 1497 461 1560 Aqua
487 1490 674 1567 partibus
702 1490 835 1549 tribue
869 1533 1156 1549 ........
1175 1535 1196 1556 Ἴ.
1230 1535 1237 1549 .
1270 1534 1278 1548 .
1311 1535 1317 1547 .
1365 1490 1383 1546 3

296 1588 333 1653 Si
367 1609 451 1673 opus
483 1588 556 1666 erit,
591 1588 681 1652 filtra
704 1592 739 1652 et
760 1587 886 1652 filtrete
908 1587 945 1652 in
967 1587 1087 1652 belneo
1110 1609 1216 1674 equae
1238 1609 1314 1652 eve-

254 1716 333 1780 pora
355 1695 435 1759 dum
458 1695 628 1779 supersint

349 1807 485 1878 peries
513 1800 612 1858 duee
630 1843 1318 1860 .................
1366 1802 1384 1858 2

254 1920 333 1984 quae
356 1903 502 1966 contere.

296 2005 410 2070 Pulvis
443 2005 550 2082 elbuS,
586 2006 673 2070 eelee
706 2027 848 2083 emerus,
884 2005 997 2070 odoris
1032 2027 1151 2091 expers
1174 2007 1228 2070 vel
1251 2006 1383 2071 aeidum

254 2111 444 2178 benzoieum
466 2112 588 2176 leviter
608 2112 772 2190 redolens,
796 2113 863 2198 qui,
885 2112 1066 2197 prudenter
1077 2113 1267 2191 calefactus,
1281 2113 1383 2177 eubli-

253 2224 377 2283 metum
399 2218 522 2295 album,
547 2219 780 2304 crystallinum
797 2218 943 2304 praebet.
966 2219 1101 2284 Additie
1113 2241 1219 2305 equae
1230 2219 1383 2306 pertibus

256 2327 274 2388 2
296 2325 348 2389 vel
372 2325 513 2410 spiritus
530 2328 582 2403 26,
596 2327 733 2411 praebet
744 2327 908 2411 liquorem
918 2326 1040 2391 eoloris
1053 2331 1232 2411 expertem,
1246 2327 1382 2403 elerum,

254 2433 405 2497 neuiriue
428 2432 617 2498 reeetionie.

294 2537 351 2602 Sel
386 2544 525 2623 paratus
559 2539 695 2624 pulvere
730 2540 955 2605 ehloroformo
991 2541 1090 2625 plene
1113 2540 1254 2605 eluendo
1276 2540 1382 2605 isdem

255 2645 432 2729 postuletis
459 2650 493 2710 et
519 2645 678 2731 pmiietis
702 2647 832 2732 legibus
860 2646 1058 2728 satisfaciet,
1083 2647 1204 2734 quibus
1232 2649 1383 2712 Benzoee

255 2751 412 2817 netrieus.

296 2857 365 2923 Ubi
399 2857 548 2944 pulveris
582 2859 851 2944 milligremmete
886 2863 951 2924 200
981 2881 1047 2924 une
1070 2881 1146 2924 eum
1168 2858 1385 2924 ehloroiormi

254 2964 457 3030 centimetris
480 2964 605 3030 eubieie
631 2968 673 3030 20
696 2987 756 3051 per
767 2967 869 3031 horae
880 2973 1010 3051 perlem
1022 2966 1252 3030 duodecimam
1264 2967 1384 3030 caloris

254 3070 359 3155 gradu
383 3073 442 3136 50⁰
464 3071 635 3150 eelefeele,
656 3093 733 3137 eum
756 3072 961 3151 refrixerint,
985 3072 1211 3139 chloroformo
1232 3073 1386 3158 supplete

254 3176 296 3240 ed
324 3177 482 3242 volumen
504 3179 607 3263 prius,
631 3178 751 3244 deinde
774 3180 960 3244 eolulorum
983 3180 1179 3246 centimetre
1201 3179 1317 3244 cubiee
1344 3183 1385 3243 10

255 3289 434 3370 evaporata
467 3289 576 3362 erunt,
609 3306 656 3364 ee,
686 3307 771 3372 quae
798 3291 1006 3372 supererunt,
1031 3287 1151 3351 caloris
1174 3286 1281 3371 gradu
1306 3288 1386 3350 100⁰

256 3389 385 3468 siccate,
409 3391 558 3476 pondere
580 3391 650 3456 sint
672 3413 741 3457 non
762 3392 872 3457 minus
896 3415 995 3479 quem
1018 3393 1325 3477 milligremmetum
1342 3395 1384 3457 45

256 3501 353 3582 elque
386 3497 494 3563 isdem
528 3498 709 3582 postuletis
748 3504 782 3563 el
816 3499 974 3584 puritatis
1008 3498 1139 3584 legibus
1162 3498 1382 3578 eetiefeeient‚

256 3603 371 3686 quibus
395 3603 595 3671 Coffeinum.

625 3857 675 3956 -Ι-
709 3864 925 3958 Benzee.

296 4018 398 4087 Sueue
421 4041 502 4086 eere
525 4019 714 4099 induratus,
734 4021 904 4107 profluens
919 4022 1242 4108 eelirpevulnerele
1254 4022 1382 4088 arboris

258 4125 304 4189 eui
324 4149 447 4194 nomen
472 4130 527 4192 eet
544 4125 709 4211 Styrex
728 4129 930 4206 Benzoin,
944 4128 1106 4194 DRYAND.
1118 4130 1155 4192 in
1167 4129 1250 4194 Phil.
1264 4129 1381 4192 Trans.

259 4227 415 4302 LXXVII.
445 4233 572 4318 (1787)
606 4231 652 4297 II.
688 4235 763 4299 308.
797 4239 823 4300 t.
856 4237 908 4313 12,
939 4255 1024 4320 quee
1046 4235 1146 4300 arbor
1167 4235 1203 4299 in
1226 4235 1382 4299 Sumelre

1307 4391 1325 4444 6
