3584 5026
880 518 943 583 174

340 713 484 799 ginibus,
516 715 613 776 terna
640 714 691 797 (3)
712 713 747 776 in
778 716 873 797 parte
895 713 1090 798 posteriore,
1121 714 1232 778 minus
1255 714 1345 780 inter
1367 737 1402 780 se
1425 715 1474 780 di-

339 821 474 898 stantia,
499 824 534 885 et
557 819 729 885 valleculis
752 821 924 906 quaternis
936 821 989 906 (4)
1000 843 1068 886 non
1079 821 1167 898 altis,
1180 821 1299 906 planis.
1312 823 1426 887 Vittae
1437 822 1473 886 in

338 933 433 1012 parto
454 948 605 992 convexa
627 931 764 991 externe
786 948 855 991 non
878 927 1085 1012 conspicuae,
1097 928 1133 992 in
1145 927 1363 993 commissura
1374 929 1474 1014 plana

337 1034 444 1099 vittas
468 1036 488 1097 2
510 1034 608 1112 latae,
633 1033 756 1111 fuscae,
780 1033 959 1098 admodum
982 1035 1189 1120 conspicuae.
1233 1035 1472 1120 Suporfioiese

338 1140 500 1204 subviridi
523 1140 739 1226 griseofusca,
763 1140 843 1226 iuga
866 1141 1133 1226 pauloclariora3
1147 1141 1383 1208 totusfructus
1396 1143 1471 1227 pilis

337 1247 504 1326 brevibus,
525 1247 619 1325 albis,
639 1269 772 1312 sursum
792 1248 909 1314 versis.
934 1247 975 1312 In
992 1247 1105 1314 fructu
1116 1253 1308 1314 transverse
1319 1254 1471 1335 persecto

338 1355 446 1421 vittae
479 1354 523 1418 ad
558 1357 600 1420 50
634 1354 670 1419 in
704 1355 897 1420 membrana
931 1354 1061 1421 furatus
1094 1355 1254 1442 cuiusque
1284 1356 1414 1422 achenii
1435 1357 1471 1420 in

337 1462 461 1528 circulo
501 1466 518 1526 1
554 1463 737 1548 aequaliter
770 1462 963 1548 dispositae,
997 1463 1033 1526 in
1067 1463 1285 1528 commissura
1318 1462 1470 1540 maiores,

338 1570 449 1634 minus
472 1567 599 1633 crebae.
648 1568 925 1654 Endospermium
949 1570 1228 1654 orthospermum.

382 1676 602 1761 Microscopia
636 1675 793 1761 pulveris.
835 1675 898 1740 Pili
920 1677 1019 1740 limae
1040 1676 1157 1754 instar,
1183 1677 1374 1762 plerumque
1397 1678 1470 1742 uni-

337 1783 518 1861 cellulares,
553 1781 721 1848 interdum
755 1781 973 1861 bicellulares,
998 1783 1104 1850 conici
1126 1783 1220 1867 apice
1242 1783 1373 1862 obtuse,
1397 1806 1470 1850 cur·

337 1889 417 1967 vati,
442 1889 626 1955 verruculis
650 1888 810 1967 ovalibus,
834 1890 956 1955 coloris
979 1895 1142 1975 expertes.
1165 1889 1334 1954 Vittarum
1346 1893 1468 1976 partes,

337 1996 550 2074 flavofuscae‚
568 2017 666 2081 saepe
678 2000 786 2060 strato
797 1996 989 2062 cellularum
1001 1996 1266 2082 leptoticharum,
1280 1998 1469 2083 multangu-

336 2104 454 2168 larum.
502 2102 689 2188 Epidermis
723 2103 865 2168 interior
898 2103 1109 2168 membranae
1144 2102 1275 2169 fmctus
1309 2108 1468 2169 constans

336 2209 463 2276 cellulis
486 2209 676 2288 humilibus,
701 2209 954 2295 tangentialiter
976 2209 1155 2275 admodum
1178 2210 1341 2288 extentis;
1369 2231 1468 2295 saepe

335 2338 411 2382 oum
451 2316 548 2381 vittis
589 2317 777 2382 coniuncta.
824 2317 1051 2402 Parenchyma
1090 2317 1313 2402 endospermii
1347 2317 1467 2382 coloris

335 2444 468 2508 expers,
504 2423 539 2487 in
574 2423 688 2488 multis
718 2423 845 2489 cellulis
872 2423 1060 2508 complures
1083 2423 1234 2488 stellulae
1257 2444 1276 2489 e
1298 2424 1466 2508 crystallis

334 2551 409 2596 cum
443 2529 530 2595 aeris
564 2529 690 2594 bullula
722 2531 758 2594 in
789 2529 908 2595 medio.
956 2529 1144 2616 Epidermis
1167 2531 1314 2596 exterior
1335 2529 1465 2597 fructus

333 2641 492 2703 constans
515 2636 644 2703 cellulis
667 2637 893 2722 multangulis,
919 2637 1080 2702 strictura
1102 2637 1281 2715 cuticulae;
1302 2640 1464 2720 stomata;

334 2743 393 2830 pili
433 2744 540 2809 multi.
588 2743 775 2830 Epidormis
817 2743 960 2829 pediculi
998 2742 1125 2810 callidis
1158 2744 1265 2829 magis
1300 2743 1464 2829 oblongis,

334 2851 496 2916 striatura
529 2850 692 2917 cuticulae
725 2850 919 2928 valentiore,
947 2850 1023 2936 pilis
1047 2850 1171 2936 paucis.
1201 2850 1291 2914 Vasa
1313 2849 1466 2914 anularia

334 2962 368 3021 et
403 2957 555 3045 spiralia;
591 2956 741 3023 fasciculi
775 2957 934 3022 fibrarum
957 2957 1241 3044 pachyticharum,
1266 2957 1464 3023 scrobiculo·

332 3069 452 3129 tarum.
500 3063 649 3130 Gallulae
672 3064 1017 3150 solerenchymatioae,
1042 3063 1168 3140 breves,
1192 3085 1261 3127 non
1278 3063 1328 3128 ita
1341 3064 1464 3149 pachy-

335 3171 452 3248 tichae,
495 3171 688 3238 scrobiculis
723 3170 906 3236 rimalibus.
953 3169 1143 3236 Nonnullae
1176 3170 1313 3236 cellulae
1346 3192 1464 3255 paren·

332 3277 539 3362 chymaticae
554 3279 711 3366 impletae
719 3279 848 3366 amylo;
868 3283 1040 3364 praeterea
1051 3299 1156 3362 grana
1167 3278 1270 3363 amyli
1282 3277 1461 3356 rarissima,

333 3405 446 3469 parva,
470 3385 631 3472 dispersa.

377 3491 470 3557 Odor
492 3492 671 3558 admodum
693 3493 912 3572 aromaticus3
936 3514 1037 3578 sapor
1059 3490 1238 3570 subdulcia,
1251 3491 1461 3557 aromaticus.

377 3597 520 3666 Fructus
543 3601 638 3666 Auisi
661 3621 760 3688 quam
784 3602 928 3666 maxime
947 3599 1079 3666 liberati
1090 3599 1159 3665 sint
1170 3599 1316 3678 ramulis,
1328 3620 1460 3684 aggere,

331 3704 406 3770 aliis
430 3705 594 3773 sordibus.

376 3811 518 3879 nactus
542 3810 669 3879 Conii
692 3816 912 3893 maculati,
937 3815 1038 3880 mss.
1063 3814 1119 3899 Sp.
1134 3812 1182 3878 Pl.
1196 3812 1459 3890 243,neadsint,

331 3919 379 3986 Hi
412 3924 529 3988 carent
561 3921 667 4000 vittis,
702 3925 892 4009 superficies
926 3929 978 3991 est
1011 3921 1136 4008 glabra,
1168 3919 1307 3986 acheuia
1329 3919 1462 4004 singula

331 4025 442 4111 quinis
471 4031 520 4114 (5)
550 4028 638 4114 iugis
669 4030 943 4115 prominentibus,
975 4029 1158 4095 undulatis.
1183 4025 1460 4112 Endospermium

328 4134 659 4220 campylospermum.
