3530 5026
825 473 888 536 149

330 662 380 761 ÷
411 666 636 760 [nractun
669 668 832 762 liburni
868 666 1063 788 prunllolli
1100 667 1303 786 liquidum.

334 843 419 908 Para
441 865 459 908 e

385 956 508 1008 cortice
529 955 669 1008 Vlbnmt
692 957 860 1022 prunlrolli
883 952 923 1010 in
944 952 1142 1030 pulverem
1163 949 1243 1029 (Bw)
1261 950 1425 1010 redacto

289 1051 473 1113 extractum
494 1049 666 1135 liquidum,
686 1071 753 1136 quo
766 1050 864 1115 modo
879 1050 1040 1116 Extracto
1054 1047 1282 1134 Condurango
1294 1048 1422 1135 liquido

290 1156 530 1242 praescriptum
554 1161 615 1222 est.

333 1262 457 1349 Liquor
496 1265 614 1343 clanis,
656 1264 884 1344 rubrofuscus,
924 1263 1037 1330 odoris
1071 1262 1254 1340 aromatici,
1290 1263 1421 1348 saporis

291 1369 394 1434 amari
417 1374 451 1434 et
474 1370 725 1457 adstringentis.

334 1476 531 1542 Extractum
572 1477 714 1542 Viburni
759 1477 934 1564 prunifolii
975 1477 1148 1563 liquidum,
1189 1475 1304 1542 addita
1337 1498 1424 1562 aqua

290 1585 323 1665 (1
341 1609 375 1644 =
394 1585 459 1667 10),
493 1584 655 1670 liquorem
685 1586 825 1672 praebet
854 1585 1034 1662 turbidum,
1059 1583 1270 1662 subrubrum,
1295 1583 1424 1669 saporis

291 1689 394 1754 amari
427 1693 462 1755 et
494 1690 677 1770 aromatici,
712 1691 779 1778 qui,
814 1690 929 1756 addito
963 1690 1102 1776 spiritus
1136 1690 1210 1776 pari
1243 1691 1422 1768 volumine,

292 1796 452 1863 clarescit.

335 1903 487 1972 Extracti
509 1905 616 1991 partis
640 1911 658 1970 1
683 1927 788 1992 aquae
810 1905 964 1992 partibus
989 1904 1291 1982 9mixtaefiltrata,
1306 1903 1423 1969 addito

291 2008 437 2077 cbloreto
460 2011 591 2091 ferrico,
615 2013 873 2100 praecipitatum
895 2015 1074 2078 secernunt
1098 2011 1238 2077 obscure
1260 2010 1376 2075 viride.

676 2509 876 2603 Farina
910 2509 1069 2605 lini„

316 2686 427 2752 Pulvis
449 2687 538 2773 (Bw)
561 2685 677 2765 siccus,
701 2685 927 2773 fuscogriseus
951 2687 1423 2773 placentommlinimollium,

294 2793 454 2878 pistorum
477 2794 532 2858 vel
554 2793 758 2858 molitorum.
1136 2821 1138 2826 ·

335 2901 564 2987 Microscopia.
600 2900 900 2986 Spermodermidis
933 2899 1044 2966 frusta
1066 2922 1196 2986 magna,
1228 2900 1422 2980 flavofirsca,

293 3007 469 3094 inquibus
493 3009 574 3074 haec
596 3011 704 3073 strata
724 3006 880 3094 deinceps
903 3007 1048 3076 discerni
1071 3013 1230 3095 possunt:

336 3114 380 3180 1⁰.
415 3114 593 3201 epidermis
626 3115 828 3180 membranis
851 3115 1072 3190 exterioribus
1095 3115 1289 3182 cellularum
1312 3115 1425 3181 admo·

292 3221 370 3286 dum
392 3221 523 3300 crassis,
547 3222 668 3288 coloris
691 3222 894 3309 expertibus.
941 3222 983 3287 In
1006 3244 1092 3308 aqua
1114 3222 1212 3288 valde
1234 3227 1426 3290 tumescunt

292 3332 331 3394 ut
352 3328 496 3395 cuticula
518 3329 729 3416 dirumpatur
750 3330 787 3394 in
808 3328 919 3395 frusta
942 3329 1150 3416 marginibus
1171 3329 1345 3396 revolutis.

336 3435 380 3500 2⁰.
393 3435 530 3502 cellulae
542 3436 851 3523 perenchymaticae
863 3436 1036 3515 rotundae,
1050 3435 1250 3502 membranis
1259 3436 1424 3515 tenuibus,

292 3541 387 3607 flavis
411 3547 446 3609 et
466 3543 594 3610 lacunis
616 3543 917 3610 intercellularibus
939 3543 1126 3630 triangulis.

336 3647 381 3714 3⁰.
424 3653 568 3715 suetum
602 3649 795 3716 cellularum
830 3651 1037 3730 fibrosarum,
1073 3650 1254 3718 secundum
1288 3650 1425 3716 seminis

292 3777 386 3820 axem
407 3757 547 3842 longum
562 3758 755 3844 positarum,
769 3758 970 3824 membranis
982 3759 1112 3837 crassis,
1125 3758 1232 3836 flavis,
1246 3756 1425 3822 admodum

292 3863 520 3930 scrobiculatis
550 3870 584 3930 et
613 3865 796 3931 luminibus
826 3865 949 3952 parvis.
996 3865 1132 3952 Longae
1155 3870 1235 3930 sunt
1258 3885 1327 3929 non
1350 3863 1424 3949 plus

293 3990 391 4054 quam
414 3973 479 4035 250
502 3993 537 4049 μ,
562 3993 693 4038 crassae
719 3975 761 4037 10
784 3996 819 4048 μ.

337 4075 383 4141 4⁰.
419 4081 562 4145 stratum
595 4079 789 4146 cellularum
818 4081 1025 4160 fibrosarum‚
1049 4080 1315 4166 leptoticharum‚
1339 4095 1424 4160 quae

294 4203 352 4268 per
373 4189 517 4251 stratum
540 4207 641 4274 supra
663 4193 883 4255 memoratum
904 4188 1133 4256 decussantu.
