3544 5050
883 545 948 608 460

384 740 433 839 ÷
466 742 717 838 Tinelura
749 741 1064 835 valerianae
1097 740 1359 833 aellrerea.

395 921 547 986 Paranda
570 944 588 986 e

448 1034 579 1087 Radicle
598 1035 790 1088 valerianae
810 1027 850 1085 in
871 1027 1072 1104 pulverem
1092 1025 1136 1102 (A
1150 1025 1195 1102 le)
1217 1021 1402 1081 redactae

486 1127 670 1204 pertibus
691 1127 839 1203 viginti
863 1168 1392 1186 ..............
1441 1123 1479 1180 20

349 1231 383 1290 et
405 1225 595 1290 commixtis

447 1330 802 1410 Aetherlepertibus
823 1331 1164 1408 vigintiquinque
1188 1373 1395 1390 ......
1444 1329 1482 1386 25

348 1436 382 1495 et

446 1543 588 1606 spiritu·
609 1535 795 1614 partibus
816 1537 1279 1613 septuagintaquinque.
1307 1579 1315 1594 .
1348 1578 1355 1592 .
1387 1578 1395 1593 .
1443 1531 1482 1592 75

393 1633 518 1719 Liquor
540 1634 720 1710 subflavus,
745 1635 882 1698 aethera
904 1639 938 1698 et
961 1633 1163 1698 valerianam
1186 1633 1348 1698 redolens.

393 1739 527 1805 Pondus
560 1741 749 1826 specificam
772 1742 871 1817 0812
894 1740 937 1805 sd
961 1742 1071 1818 0‚820.
1117 1740 1278 1804 Tinctura
1300 1741 1481 1824 evaporata

346 1869 414 1910 uon
437 1846 547 1912 minus
570 1869 670 1932 quem
693 1851 821 1933 partem
844 1848 1057 1912 centesimam
1085 1849 1135 1924 1,2
1158 1847 1333 1932 relinquet.

641 2225 691 2324 ÷
725 2230 1102 2348 Traeacanllra.

392 2405 510 2471 Mucus
545 2404 714 2492 profluens
748 2427 766 2470 e
801 2407 962 2494 stirpibus
996 2407 1190 2485 vulneratis,
1214 2427 1297 2492 quas
1319 2405 1480 2493 praebent

348 2512 476 2600 species
499 2511 661 2598 quaedam
685 2513 817 2597 generis
841 2513 1079 2600 Astragali‚
1104 2535 1180 2579 aere
1203 2513 1389 2578 induratus.

392 2656 549 2721 Laminas
572 2659 606 2720 et
628 2654 730 2720 striae
752 2655 918 2720 taenietue
941 2656 994 2720 vel
1016 2653 1166 2732 ialcetee,
1191 2653 1387 2721 centimetra
1410 2651 1480 2718 iere

348 2765 400 2841 2,5
435 2763 564 2848 longae,
599 2762 686 2826 latae
721 2763 955 2827 centimetrum
980 2766 1008 2840 1,
1034 2783 1166 2827 crassae
1189 2783 1258 2826 non
1281 2762 1355 2847 plus
1380 2781 1479 2846 quam

346 2869 537 2934 miliimetra
571 2869 591 2932 3
626 2888 687 2932 nec
721 2869 832 2933 minus
862 2891 962 2954 quem
985 2868 1175 2933 millimetra
1199 2872 1217 2932 5
1241 2868 1338 2945 letae,
1362 2888 1481 2954 prope-

347 2975 483 3040 modum
516 2973 619 3052 albae,
656 2975 854 3060 perlucidae,
879 2973 1038 3040 undulale
1062 2975 1209 3053 strietae,
1234 2974 1334 3052 leves,
1358 2974 1478 3049 lentae,

345 3081 459 3146 odoris
482 3085 644 3167 expertes,
669 3081 798 3168 saporis
822 3081 919 3147 fatui.

390 3188 624 3273 Tragacenthe
635 3209 721 3273 aqua
733 3187 870 3274 perfusa
881 3189 1060 3254 admodum
1072 3188 1228 3253 tumescit
1237 3208 1245 3266 ;
1262 3187 1296 3251 in
1308 3185 1479 3273 pulverem

344 3293 488 3372 redacta,
513 3293 628 3359 addila
651 3317 756 3380 aquae
780 3296 967 3381 quantitate
990 3295 1178 3383 centuplici,
1198 3294 1479 3382 praebetmncum

345 3400 526 3479 turbidum,
551 3400 724 3480 lubricum,
738 3402 859 3468 coloris
871 3408 1051 3490 expertem,
1069 3403 1135 3488 qui,
1149 3423 1216 3466 une
1226 3423 1301 3467 eum
1313 3399 1479 3466 solutione

346 3506 500 3592 hydretie
522 3507 643 3573 nutrici
665 3509 701 3573 in
729 3508 846 3574 balneo
865 3532 971 3596 aquae
994 3508 1183 3586 calefactus,
1208 3507 1352 3573 colorem
1374 3507 1480 3572 trahit

344 3612 471 3679 flavum
493 3612 641 3680 sulfuris.
663 3615 753 3680 Muci
772 3615 1024 3703 Tragacanthee
1035 3637 1141 3702 equae
1153 3615 1341 3700 quantitate
1352 3614 1480 3678 decem-

346 3718 425 3806 plici
446 3719 544 3785 diluti
566 3720 700 3800 filtreta,
729 3723 844 3787 addila
866 3723 1032 3788 solutione
1055 3722 1146 3800 iodii‚
1171 3721 1321 3786 casuales
1332 3741 1375 3784 ne
1386 3719 1478 3784 fient.

390 3825 642 3911 'ilragecenlhae
664 3829 784 3914 pulvis,
810 3829 929 3895 caloris
941 3831 1047 3915 gradu
1064 3829 1144 3894 100⁰
1155 3829 1308 3905 siccatus,
1321 3825 1479 3914 ponderis

346 3953 388 3996 ne
407 3933 540 3997 amittat
552 3933 627 4019 plus
639 3956 738 4019 quam
750 3941 864 4021 partes
875 3937 1073 4001 centesimas
1088 3939 1140 4014 153
1152 3934 1346 3999 combustus
1358 3933 1480 3998 cineris

346 4059 388 4102 ne
421 4039 497 4124 plus
531 4061 631 4124 quem
664 4046 777 4125 partes
812 4043 1009 4108 centesimas
1044 4045 1097 4120 3,5
1116 4041 1291 4126 relinquat,
1316 4039 1373 4125 qui
1395 4039 1480 4104 cinis

347 4145 442 4209 albus
467 4145 520 4210 sit.
