3582 5034
886 529 949 592 295

495 722 545 822 ·l·
579 725 868 820 Pestillae
901 722 1264 820 Sacoharini.

397 905 500 971 Misce

448 1017 599 1070 Pulveris
629 1016 815 1067 snccharini
843 1029 1013 1086 gramma
1044 1027 1191 1068 unum.
1224 1053 1231 1068 .
1265 1055 1271 1067 .
1305 1054 1311 1065 .
1411 1007 1486 1065 lG.

448 1116 598 1168 Pulveris
617 1114 838 1167 Blcarhonntls
858 1113 977 1165 nutrici
1002 1113 1216 1184 grammate
1243 1125 1316 1164 uno

489 1227 570 1266 cum
592 1206 757 1266 dimidio
783 1249 1312 1267 ..............
1380 1203 1426 1274 1,5
1448 1205 1485 1262 G.

352 1311 386 1372 el

448 1418 587 1471 nunniti
607 1411 839 1489 grammaris
860 1417 1008 1489 septem
1029 1429 1111 1467 cum
1132 1408 1311 1468 dimidio.
1378 1407 1426 1479 7‚5
1448 1410 1486 1466 G.

395 1528 502 1593 Mixto
535 1529 704 1593 nonnullis
727 1527 887 1594 alcoholis
910 1527 1054 1592 absoluti
1077 1527 1184 1614 guttis
1207 1525 1376 1604 madefac3
1407 1524 1485 1588 inds

352 1655 432 1720 para
454 1635 604 1720 pastillas
626 1639 759 1702 centum
783 1637 888 1717 (100).

817 1893 1020 1905 -----..-ι

680 2101 730 2201 -Ι-
765 2105 1071 2226 Pepsinum.

396 2285 545 2372 llnzyma
556 2290 709 2370 paralum
721 2283 951 2349 emembranis
959 2282 1103 2349 mucosis
1111 2283 1359 2348 stomachorum
1368 2301 1483 2366 porco·

351 2413 424 2457 rum
452 2393 507 2457 vel
537 2391 650 2457 ovium
681 2390 734 2454 vel
764 2391 956 2469 vitulorum,
981 2391 1175 2476 plerumque
1199 2388 1356 2455 saccharo
1386 2387 1482 2453 lactis

351 2499 502 2564 mixtum.

394 2641 508 2705 Pulvis
531 2641 650 2718 tenna,
675 2640 886 2706 subflavidus
908 2641 962 2704 vsl
985 2640 1186 2726 subgrissus,
1211 2637 1480 2725 hygroscopicus‚

350 2747 460 2813 odoris
484 2747 554 2812 fers
578 2769 704 2833 expers,
730 2748 858 2834 saporis
882 2747 1060 2825 subdulcia,
1085 2745 1205 2810 deinde
1228 2745 1342 2810 amari.
1452 2802 1457 2814 ,

393 2854 582 2940 Pepsinum,
614 2854 737 2920 additia
760 2875 865 2939 aquae
884 2853 1037 2939 partibus
1062 2856 1135 2930 100,
1159 2852 1321 2938 liquorem
1345 2852 1482 2938 praebet

347 2959 465 3026 leviter
493 2959 674 3040 turbidum,
706 2961 884 3027 reaclionis
907 2961 1059 3025 neutrius
1082 2965 1141 3025 aut
1163 2958 1330 3024 levissime
1353 2957 1477 3037 acidae,

348 3069 414 3152 qui,
438 3067 562 3132 addicis
589 3067 676 3133 acidi
699 3068 945 3152 hydrochlorici
967 3068 1073 3153 gultis
1096 3065 1275 3144 nonnullis,
1299 3065 1420 3132 clarior
1430 3066 1479 3132 fic.

392 3174 583 3239 Albuminis
617 3175 673 3240 ovi
706 3175 881 3260 gallinacei
904 3174 1048 3240 recentis
1078 3177 1265 3259 grammata
1300 3175 1351 3250 15,
1375 3193 1480 3258 aquae

348 3281 553 3347 conlimelris
578 3282 703 3347 cubicis
732 3284 794 3346 150
818 3281 933 3360 diluta,
957 3302 1016 3366 per
1040 3282 1141 3345 horae
1164 3284 1293 3365 penem
1315 3283 1479 3364 quartam,

348 3387 540 3474 frequenter
569 3394 734 3474 quassam,
766 3389 802 3452 in
836 3410 922 3474 aqua
956 3387 1128 3453 ebullienti
1150 3386 1322 3463 calefacta,
1350 3385 1479 3464 deinde,

349 3516 423 3560 cum
442 3493 637 3560 refrixerint
655 3496 698 3559 ad
719 3495 838 3562 caloris
856 3495 997 3581 gradum
1019 3496 1109 3572 45¹¹¹²¹‚
1131 3493 1265 3579 Pepsini
1287 3492 1480 3578 milligram-

349 3602 449 3667 matis
485 3604 548 3666 100
583 3607 617 3666 et
639 3602 725 3668 acidi
748 3601 994 3688 hydrochlorici
1016 3599 1212 3687 grammatis
1236 3602 1288 3677 2,5
1312 3599 1426 3677 mixta
1451 3599 1480 3663 si

350 3725 408 3792 per
441 3708 557 3773 horam
584 3730 684 3772 unam
715 3708 834 3775 caloris
867 3707 973 3794 pedu
999 3709 1058 3772 45⁰
1079 3705 1239 3773 calefacta
1262 3711 1369 3784 erunt,
1392 3706 1480 3772 clara

350 3812 439 3880 facta
462 3815 540 3880 sini.

393 3940 423 4003 A
452 3940 546 4006 lucc
576 3945 796 4018 remotum,
827 3961 901 4026 per
923 3939 1081 4006 calcem
1103 3938 1244 4003 vivam
1268 3939 1479 4002 servolur.

812 4205 1015 4217 ..υ-ῃ,-
