3466 5038
827 459 868 520 51

322 651 461 716 Benzoli
484 650 592 736 guttis
614 654 633 714 5
653 673 720 715 una
732 672 806 716 cum
818 651 933 717 mixtis
944 651 1031 716 scidi
1043 649 1194 715 sulfurici
1206 651 1410 717 centimetris

276 758 399 823 cubicis
425 760 445 821 2
470 761 505 822 et
527 756 614 822 scidi
637 757 749 822 uitrici
772 758 878 843 guttis
904 759 944 822 10
968 756 1146 834 calefactis,
1167 756 1287 822 deinde
1304 779 1410 843 aquae

276 864 483 930 centimetris
504 863 629 930 cubicis
652 867 671 930 5
694 864 862 943 admixtis,
883 865 994 950 liquor
1003 864 1154 930 lactescit
1166 869 1199 930 et
1212 863 1296 930 odor
1306 865 1411 930 nitro·
1432 894 1440 908 ·

279 971 407 1036 benzoli
430 971 559 1056 percipi
582 975 704 1056 potest.

321 1076 459 1141 Benzoli
470 1077 678 1143 centimetrie
690 1076 814 1142 cubicis
827 1079 846 1140 2
858 1098 934 1142 cum
945 1077 1031 1141 scidi
1043 1077 1195 1142 sulfurici
1205 1077 1410 1144 centimetris

275 1184 399 1249 cubicis
423 1187 443 1248 5
468 1184 708 1269 conquassatis,
732 1188 851 1248 neuter
872 1183 982 1269 liquor
1003 1184 1179 1249 coloretur.

321 1291 413 1370 Quae
437 1289 480 1354 de
505 1290 643 1355 Benzoli
665 1291 871 1356 centimetris
894 1291 1018 1356 cubicis
1043 1294 1084 1355 10
1106 1291 1142 1354 in
1166 1291 1285 1356 bslneo
1305 1313 1409 1376 aquae

276 1397 466 1482 cvsporstis
497 1402 707 1482 supererunt,
728 1395 905 1482 ponderari
927 1402 1110 1482 nequeant3
1135 1418 1218 1483 quse
1243 1401 1410 1482 postrema

276 1510 510 1590 evaporsutur,
538 1501 674 1568 odorem
696 1503 840 1584 slicnum
861 1525 903 1568 ne
927 1508 1097 1588 spargant.

591 2061 812 2156 biberas
849 2063 1104 2157 ratribus.

691 2274 999 2363 ursorum

323 2461 489 2526 Prismsts
525 2459 646 2524 coloris
679 2459 838 2544 expertis,
874 2458 966 2537 dura,
999 2460 1200 2526 monoclinis
1222 2463 1276 2527 vel
1300 2461 1410 2528 frusta

279 2567 483 2652 crystallina,
508 2565 671 2652 paulatim
694 2588 770 2630 aere
792 2565 1002 2644 fatiscentic3
1037 2567 1147 2632 calore
1170 2568 1346 2654 liquefiunt
1365 2576 1408 2648 et,

279 2694 396 2758 uquam
431 2672 641 2751 exsudantis,
672 2672 770 2737 valde
800 2677 1005 2759 turgescunt,
1030 2674 1157 2739 diutius
1180 2675 1350 2752 calefactu,
1374 2677 1407 2740 iu

280 2780 451 2845 mater-ism
475 2779 689 2864 perlucidam,
714 2780 856 2845 vitream
878 2785 1065 2850 transeunt.
1096 2781 1237 2847 Biboras
1260 2783 1410 2849 ustricus

279 2885 313 2949 in
336 2908 442 2972 squse
465 2886 617 2971 pertibus
642 2886 716 2964 23,7
741 2885 893 2964 solvitur,
916 2887 953 2951 in
976 2886 1098 2972 spiritu
1120 2908 1189 2951 non
1211 2886 1363 2953 solvitur.

323 2992 465 3058 Biboras
498 2992 648 3058 nstricus
682 2992 850 3058 flammam
880 3015 948 3058 non
970 2993 1136 3059 lucentem
1160 2994 1276 3060 statim
1299 2995 1409 3060 colore

281 3099 377 3164 valde
409 3099 500 3164 flavo
530 3098 646 3165 inficit.
691 3099 733 3163 In
766 3121 854 3187 sque
883 3101 970 3184 (1=
989 3101 1046 3183 25)
1078 3099 1210 3166 solutus
1231 3101 1410 3167 resctionie

280 3204 441 3270 slcslinse
460 3210 532 3284 est;
553 3227 614 3290 per
631 3204 763 3270 acidum
781 3205 1074 3291 hydrocbloricum
1085 3205 1206 3271 leviter
1215 3206 1329 3272 acidus
1341 3206 1410 3273 fac-

280 3315 334 3376 tus
375 3312 525 3376 chertsm
564 3332 747 3389 curcumse,
790 3333 865 3377 cum
905 3313 1036 3390 arescit,
1068 3313 1179 3377 colore
1211 3311 1410 3378 rubrofusco

279 3417 394 3495 inficit,
418 3418 476 3503 qui
498 3418 599 3496 color,
624 3418 741 3482 charts
759 3419 927 3483 ammonis
942 3418 1138 3496 madefacta,
1151 3418 1349 3503 viridinigcr
1361 3419 1408 3484 fit.

324 3523 467 3589 Biborss
499 3523 649 3589 natricus
682 3524 717 3587 in
750 3545 838 3609 aqua
871 3526 1034 3609 (1:25)
1068 3524 1199 3590 solutus
1221 3524 1331 3590 clanis
1354 3526 1408 3603 sit,

278 3629 395 3695 addito
428 3629 524 3695 acido
559 3629 816 3715 hydrocblorico
849 3653 892 3696 ne
926 3631 1129 3708 effervescat,
1175 3652 1259 3696 neve
1294 3631 1409 3696 addito

278 3735 374 3800 acido
407 3734 681 3821 hydrosuliurico
714 3758 798 3802 neve
820 3737 999 3802 carboncte
1021 3738 1150 3802 nstrico
1173 3759 1254 3802 neve
1277 3738 1410 3802 oxslste

279 3842 464 3908 ammonico
487 3841 630 3928 speciem
651 3847 769 3908 mutet.

325 3948 464 4014 Biborcs
486 3948 636 4014 natricus
653 3949 690 4014 in
700 3971 787 4036 sque
798 3951 833 4032 (l
851 3976 885 4012 =
904 3951 983 4034 100)
997 3951 1135 4027 solutus,
1148 3949 1349 4036 peraridum
1360 3947 1411 4012 ni·

284 4053 399 4118 tticum
410 4055 527 4121 acidus
538 4053 658 4134 fuctus,
668 4056 783 4122 addito
794 4057 919 4123 nitrutc
930 4055 1083 4142 bmytico
1094 4057 1148 4122 vel
1157 4057 1282 4122 uitrste
1293 4074 1411 4139 urgen-

283 4159 357 4239 tico,
365 4181 423 4246 per
434 4164 538 4227 horse
550 4167 679 4246 purtem
691 4185 760 4228 uon
771 4164 882 4229 minus
890 4185 990 4249 quum
998 4163 1227 4229 duodecimum
1235 4162 1345 4229 clerus
1353 4159 1409 4224 sit.
