3584 5026
855 481 919 542 242

321 701 388 743 una
410 699 484 743 cum
507 676 592 742 acidi
615 675 765 741 tartarici
788 673 1064 759 milligrammatis
1083 676 1145 738 100
1158 679 1193 739 et
1203 674 1288 740 acidi
1301 673 1452 742 sulfuriei

321 785 428 871 guttis
454 781 687 861 manufacta,
711 783 855 847 colorem
878 781 1067 846 coccineum
1091 783 1239 846 trahunt.

367 890 736 976 Metadioxybenzolum
760 890 795 952 in
819 910 904 974 aqua
927 891 960 972 (1
980 915 1013 949 =
1033 891 1089 972 10)
1112 889 1259 954 solutum
1283 889 1404 954 coloris
1417 895 1451 954 et

321 998 433 1064 odoris
456 1018 573 1082 expers
597 997 651 1074 sit,
677 997 827 1061 chartam
851 996 1108 1080 exploratoriam
1120 997 1304 1062 caeruleam
1321 1001 1452 1062 tantum

321 1104 441 1169 leviter
462 1104 598 1168 rubram
621 1102 749 1168 reddat.

367 1230 397 1294 A
421 1230 514 1294 luce
537 1233 746 1292 remotum
769 1232 983 1294 servetur.

320 1373 432 1432 Doses
454 1373 633 1432 maximae
653 1371 814 1447 singulae
836 1371 1168 1448 milligrammatum
1190 1370 1259 1432 500.

321 1470 434 1530 Doses
449 1470 629 1531 maximae
643 1470 681 1530 in
697 1471 802 1529 horas
814 1470 957 1529 vicenas
968 1472 1158 1545 quaternas
1170 1473 1412 1546 grammatum
1424 1469 1453 1530 2.

788 1709 992 1724 n*-

529 1918 1174 2042 ÷liettytsutinnalum

774 2101 999 2182 Triennium.

669 2207 1117 2328 es,.c,u,.c(80,e,u,).

366 2387 530 2452 Lemellae
564 2387 786 2471 crystallinae,
823 2385 943 2450 coloris
978 2391 1140 2471 expertes,
1177 2388 1295 2453 nitoris
1317 2388 1451 2453 unionis

320 2496 475 2572 conchae,
511 2493 623 2558 odoris
657 2499 820 2578 expertes,
856 2493 984 2577 saporis
1019 2495 1195 2571 subamari,
1226 2517 1310 2580 quae
1333 2496 1452 2560 caloris

320 2601 425 2686 gradu
451 2599 508 2666 760
530 2601 726 2685 liquescunt,
751 2605 849 2665 aucto
873 2599 982 2665 calore
1006 2600 1228 2665 sublimantur
1239 2601 1318 2665 dum
1330 2602 1451 2687 partim

319 2709 559 2784 dissolvuntur,
572 2707 713 2792 denique
722 2707 804 2771 nihil
812 2708 1036 2792 relinquentes
1044 2709 1295 2775 comburuntur.
1308 2709 1451 2794 Methyl-

320 2814 523 2880 sulionalum
546 2815 581 2877 in
604 2836 708 2898 aquae
731 2813 882 2899 partibus
907 2816 971 2876 280
991 2820 1025 2879 et
1037 2814 1072 2876 in
1085 2814 1223 2899 spiritus
1235 2815 1385 2898 partibus
1398 2817 1451 2892 9,4

319 2921 470 2986 solvitur.
495 2921 549 2986 Ita
573 2921 720 2985 solutum
743 2921 895 2984 neutrius
919 2925 971 2986 est
994 2921 1183 2987 reactionia

365 3026 654 3112 Methylsulfonali
688 3027 956 3112 milligrammata
992 3031 1044 3110 50,
1075 3049 1141 3093 una
1164 3050 1239 3094 cum
1262 3029 1451 3094 carbonatis

319 3135 438 3200 nutrici
472 3133 646 3218 anhydrici
676 3135 953 3220 milligrammatis
990 3137 1052 3198 100
1079 3135 1168 3199 lente
1191 3135 1350 3200 calefacta
1373 3135 1451 3199 dum

320 3240 504 3319 fervefiant,
518 3247 766 3327 mereaptanum
778 3242 947 3318 emittunt,
960 3263 1103 3305 massam
1115 3241 1341 3328 iuscnnigram
1354 3243 1451 3307 relin-

320 3349 473 3432 quentia3
502 3348 595 3412 euius
619 3369 747 3412 massae
770 3370 874 3433 aquae
897 3348 1101 3413 centimetris
1124 3349 1249 3413 cubicis
1274 3352 1314 3412 15
1338 3368 1451 3433 super-

320 3453 424 3532 iusae,
453 3454 586 3519 filtratis
609 3455 637 3518 si
660 3454 885 3520 admiscentur
906 3477 1010 3540 aquae
1037 3457 1208 3521 bromatae
1230 3460 1347 3542 guttae
1369 3476 1451 3518 non-

319 3561 430 3625 nullae
453 3561 532 3625 dum
554 3561 664 3646 liquor
687 3562 856 3627 subflavus
880 3562 932 3638 sit,
957 3563 1010 3627 hic
1032 3563 1142 3648 liquor
1164 3584 1223 3648 per
1245 3562 1375 3628 acidum
1390 3562 1451 3646 hy-

320 3667 562 3733 drochloricum
584 3668 698 3733 acidus
722 3668 840 3746 factus,
861 3668 976 3734 addito
999 3670 1123 3736 nitrate
1146 3670 1307 3756 baryticc,
1328 3667 1452 3754 praeci-

320 3776 464 3861 pitatum
486 3775 599 3840 album
622 3775 776 3862 deponat.

364 3883 480 3966 Aquae
491 3883 723 3947 centimetrum
736 3885 924 3949 cubicorum
939 3888 981 3948 50
994 3906 1053 3969 per
1064 3886 1164 3949 horae
1176 3891 1305 3969 partem
1315 3902 1449 3967 sexage-

321 3987 437 4050 simam
471 4009 546 4053 cum
581 3989 869 4073 Methylsulionali
888 3991 1166 4077 milligrammatis
1192 3994 1255 4055 100
1277 3993 1449 4056 concocto-

320 4113 404 4171 rum,
429 4095 702 4179 refrigeratomm
724 4096 850 4162 filtrata
872 4119 913 4162 ne
932 4098 1046 4163 addito
1069 4097 1192 4161 nitrate
1204 4096 1450 4180 baryticonevc

319 4200 445 4266 nitrate
467 4202 638 4287 argentico
665 4204 782 4269 statim
806 4205 999 4283 turbentur3
1032 4204 1232 4269 filtratorum
1256 4201 1450 4268 centimetra
