3582 5034
850 464 913 527 321

557 660 722 752 Radix
760 659 1195 779 ipacacuaabac.

351 837 490 903 Radices
498 836 704 902 adventiciae
717 835 918 937 tumefaciae
929 856 1011 920 quaa
1023 836 1160 920 praebet
1180 837 1443 922 Psychoiria

309 944 621 1030 Ipecacuanha‚
658 943 803 1020 STOKES,
841 943 915 1007 Boi.
948 943 1028 1007 Mal.
1061 943 1148 1007 Med.
1183 944 1210 1007 I.
1232 945 1296 1008 365
1327 943 1442 1030 (Ura-

308 1073 417 1137 goga
447 1050 756 1135 Ipeeacuanha‚
782 1050 900 1113 Bnrnn.
926 1049 1016 1114 Hisi.
1042 1050 1090 1114 Pl.
1113 1049 1190 1114 VII.
1216 1053 1296 1132 281)

352 1211 541 1277 Decimeira
564 1211 607 1274 ad
633 1215 683 1288 1,5
708 1210 818 1296 longa,
843 1209 902 1274 sed
925 1211 1119 1296 plerumque
1143 1210 1250 1276 lracia
1273 1212 1308 1275 in
1332 1211 1442 1276 fusa

306 1318 502 1384 centimeira
525 1340 594 1382 non
616 1318 692 1402 plus
715 1338 815 1402 quam
840 1319 859 1380 5
882 1317 925 1380 ad
951 1317 968 1382 7
994 1317 1103 1402 longa,
1128 1317 1374 1383 millimelraad
1388 1321 1440 1396 5‚5

306 1446 425 1502 crassa,
450 1424 542 1502 dura,
567 1424 709 1510 fragilia,
730 1423 913 1508 cylindrica
936 1424 989 1488 vel
1013 1425 1200 1502 subconica,
1226 1445 1356 1510 semper
1367 1425 1442 1511 plus

308 1532 460 1597 minusve
491 1531 673 1596 enormiter
695 1530 795 1609 flexa,
818 1552 895 1595 raro
919 1531 1054 1615 paulum
1077 1552 1218 1609 ramosa,
1255 1532 1442 1597 tumoribus

306 1638 428 1716 densis,
453 1637 703 1716 orbicularibus,
728 1637 799 1702 fere
823 1637 1052 1702 millimeirum
1074 1643 1090 1701 1
1113 1639 1199 1716 latis,
1221 1639 1278 1724 qui
1299 1638 1441 1724 plerum-

307 1768 369 1832 que
391 1745 537 1810 radicem
561 1766 628 1808 non
652 1744 749 1828 plane
773 1743 989 1822 circumdani,
1014 1750 1050 1808 ai
1072 1745 1144 1810 loca
1167 1767 1236 1809 non
1259 1744 1442 1811 tumefacta

306 1853 339 1917 in
361 1851 503 1938 singulis
526 1851 713 1917 tumoribus
738 1851 772 1914 in
796 1850 945 1915 diversas
969 1856 1081 1936 partes
1105 1857 1310 1930 normanni,
1334 1852 1382 1916 iia
1404 1857 1442 1917 ui

308 1965 380 2024 iola
413 1959 510 2024 radix
544 1958 626 2023 salis
657 1962 850 2022 constanter
880 1957 1062 2042 cylindrica
1086 1957 1151 2037 sil;
1183 1958 1224 2023 iis
1255 1959 1443 2023 tumoribus

308 2065 423 2131 multis
445 2065 528 2130 locis
549 2065 654 2130 rimae
677 2064 869 2129 interiectae
889 2069 968 2129 suni
983 2064 1246 2150 undiqueusque
1258 2065 1301 2129 ad
1313 2065 1442 2151 lignum

308 2178 493 2259 pergentes.
540 2171 738 2256 Superficies
783 2171 930 2235 tenuiter
976 2177 1165 2236 transverse
1205 2193 1338 2258 rugosa,
1374 2194 1440 2236 non

307 2279 422 2357 nilide,
447 2279 585 2344 obscure
608 2276 824 2364 griseofusoa,
849 2299 1089 2362 nonnunquam
1110 2278 1218 2364 magis
1234 2278 1439 2345 rubrofusca.

309 2384 452 2452 Coriieis
485 2384 633 2451 fraciura
667 2389 857 2449 transversa
891 2384 977 2450 clare
1013 2383 1227 2470 griseofusca,
1255 2385 1347 2464 levis,
1373 2408 1442 2450 non

307 2493 423 2571 nilida,
447 2514 576 2570 cornea,
598 2513 838 2576 nonnunquam
850 2490 1073 2570 farinulenla;
1098 2491 1248 2557 fractura
1260 2491 1344 2577 ligni
1355 2492 1440 2559 alba.

307 2599 450 2685 Lignum
473 2598 666 2663 millimeira
688 2597 731 2661 ad
752 2600 943 2675 lcrassum,
957 2602 1345 2683 transvorsoparsecium
1359 2620 1440 2684 quo·

307 2706 484 2772 dammodo
507 2706 723 2791 angulosum
748 2704 802 2772 hic
821 2704 888 2770 illio
900 2709 1016 2770 cortex
1026 2704 1261 2791 iacilealigno
1272 2705 1438 2771 avellitur.

352 2813 404 2879 Ad
427 2831 525 2877 usum
548 2817 664 2877 cortex
685 2811 777 2897 ligno
800 2811 970 2876 liberetur.

353 2918 571 3004 Microscopia
603 2918 759 3003 pulveris.
791 2917 959 3003 Amylum,
991 2918 1171 3003 plurimum
1194 2939 1299 3002 mana
1322 2919 1440 2998 soluta,

309 3026 366 3090 sed
400 3025 500 3090 eliam
535 3025 570 3089 iu
603 3025 730 3092 cellulis
757 3024 1057 3110 parsnchymalicis
1087 3025 1288 3110 lepioiiehie‚
1321 3024 1441 3091 coloris

309 3133 521 3218 expertibus3
555 3153 737 3218 granorum
761 3131 866 3196 mulla
890 3131 1062 3215 simplicia,
1088 3131 1251 3196 diametro
1275 3153 1343 3196 non
1367 3132 1441 3216 plus
1494 3155 1497 3159 ·

308 3260 407 3325 quam
433 3241 473 3303 12
497 3263 531 3317 μ,
556 3237 626 3302 fere
645 3238 793 3324 globosa,
814 3237 930 3303 nucleo
943 3243 977 3302 et
989 3237 1103 3302 stratis
1115 3259 1231 3322 parum
1244 3237 1441 3323 conspicuis;

308 3351 344 3410 ai
367 3345 462 3431 plura
484 3344 678 3430 composita,
711 3345 866 3430 pleraque
901 3343 1079 3429 diadelpha
1103 3345 1158 3408 vel
1180 3343 1365 3429 triadelpha
1388 3344 1441 3408 vel

308 3452 517 3536 ieiradelpha
548 3451 606 3516 sed
632 3451 802 3516 interdum
825 3451 867 3516 ad
892 3451 1144 3537 dodecadslpha‚
1169 3451 1321 3536 partibus
1344 3472 1441 3536 saepe

309 3558 406 3622 valde
428 3557 625 3644 disparibus.
664 3556 810 3623 Oellulae
823 3559 1000 3622 suberosae
1012 3557 1156 3622 formam
1169 3557 1260 3622 orbis
1272 3557 1441 3635 exhibent,

308 3670 387 3729 sunt
409 3663 677 3750 quinquangulaa
700 3664 755 3728 vel
777 3665 987 3749 sexangulae,
1012 3665 1222 3750 lepioiiohae,
1241 3664 1442 3728 membranis

310 3772 449 3836 obscure
483 3769 698 3836 rubroiuscis.
734 3771 903 3855 Raphides
936 3769 1007 3835 fera
1038 3774 1081 3835 45
1113 3771 1289 3856 alongae,
1314 3775 1441 3848 tenues,

310 3875 476 3942 interdum
508 3876 542 3940 in
574 3876 750 3942 fasciculos
772 3877 862 3941 inira
886 3877 1020 3942 cellulas
1044 3876 1353 3962 perenchymaticas
1376 3876 1442 3942 col-

310 3982 423 4048 lectae.
447 3983 635 4067 Xylomalis
658 3983 821 4047 elementa
844 3983 975 4061 fibrosa,
1000 3984 1208 4069 pachyiicha,
1222 3983 1345 4068 partim
1358 4003 1442 4047 acro

309 4087 428 4153 biculis
449 4089 631 4167 rimalibus‚
655 4089 777 4175 parlim
797 4088 989 4155 scrobiculis
1012 4089 1200 4174 duplicibus
1224 4087 1383 4173 praedita,
1407 4088 1442 4152 in

310 4195 447 4280 pulvere
469 4194 539 4260 iere
562 4196 653 4260 nulla
674 4195 796 4260 adana.

1355 4351 1393 4404 23
