3530 5026
904 513 945 577 70

359 712 515 779 turbatur
538 733 645 797 neque
667 709 887 796 refrigescens
911 709 1101 774 turbidulus
1125 731 1196 776 esse
1212 711 1348 792 desinit;
1362 713 1485 779 additis

358 819 472 897 scidis,
500 819 683 904 dioxydum
706 818 912 883 carbonicum
937 816 1071 882 emittit.

402 924 574 992 Carbones
596 924 731 991 lithicus
753 924 921 990 flammam
939 945 1007 989 non
1025 923 1190 989 lucentem
1208 925 1318 990 colore
1333 928 1484 994 coccineo

357 1033 472 1099 inficit.

403 1138 575 1205 Carbones
609 1139 743 1204 lithicus
766 1159 827 1223 per
849 1137 979 1202 acidum
1002 1137 1163 1203 aceticum
1184 1139 1220 1202 iu
1244 1161 1330 1225 aqua
1349 1145 1484 1227 (1:50)

356 1247 485 1312 solutus
508 1247 616 1313 clarus
639 1250 672 1310 et
695 1245 815 1311 coloris
838 1267 956 1330 expers
978 1245 1039 1324 sit3
1063 1245 1206 1330 speciem
1228 1268 1271 1311 ne
1294 1253 1409 1327 mutet,
1427 1249 1484 1312 sd-

356 1353 427 1419 dito
456 1353 552 1418 acido
574 1352 844 1438 hydrusulfurico
867 1373 951 1417 neve
973 1352 1159 1417 ammoniae
1181 1353 1369 1438 quantitate
1392 1376 1484 1420 exce·

355 1459 459 1539 denti,
504 1481 547 1524 ne
580 1459 813 1545 sulfohydrate
847 1459 1032 1524 ammonico
1066 1465 1100 1524 et
1134 1460 1266 1525 oxalate
1299 1462 1483 1526 ammonico

356 1565 490 1652 quidam
512 1566 646 1631 additis.
670 1568 785 1653 Aquae
808 1566 881 1652 pari
903 1565 1071 1631 volumine
1094 1567 1228 1645 mixtus,
1248 1567 1378 1634 audies
1389 1568 1483 1634 acido

356 1672 477 1738 nitrico
504 1679 538 1738 et
560 1673 685 1738 nitrata
708 1673 859 1758 berytico
882 1674 936 1736 vel
957 1673 1082 1737 nitrate
1105 1673 1285 1758 argentico,
1310 1675 1417 1740 clarus
1439 1675 1484 1740 sit

357 1800 417 1865 per
437 1781 539 1846 horae
562 1785 691 1866 partem
713 1801 780 1845 non
803 1779 913 1844 miuus
935 1800 1034 1864 quam
1057 1779 1307 1865 sexagesimam.

402 1886 495 1967 Quae
524 1887 567 1953 de
597 1886 798 1953 Carbonatis
827 1885 935 1952 lithici
965 1886 1244 1971 milligrammatis
1279 1890 1343 1952 200
1365 1888 1483 1954 solutis

356 1993 392 2058 iu
433 1993 520 2059 acidi
561 1993 807 2080 hydrochlorici
848 1993 1045 2059 centimetro
1088 1993 1206 2059 cubico
1243 1998 1260 2060 1
1296 1996 1483 2081 evaporatis

356 2105 564 2185 supererunt,
587 2101 624 2165 iu
646 2101 806 2167 alcoholis
828 2100 973 2167 absoluti
996 2101 1202 2167 centimetris
1225 2101 1349 2168 cubicis
1372 2104 1483 2169 2tota

354 2206 546 2292 solvantur;
570 2229 654 2293 quae
675 2209 794 2287 soluta,
819 2207 964 2274 aetheris
986 2207 1058 2293 pari
1077 2207 1246 2273 volumine
1264 2208 1378 2288 mixta,
1394 2210 1483 2275 clara

355 2313 424 2379 sint
446 2315 629 2400 (misna).

402 2419 601 2488 Carbonatis
624 2422 740 2501 lithici,
769 2422 888 2488 caloris
910 2422 1017 2509 gradu
1042 2423 1122 2487 100ο
1144 2422 1267 2501 siccati,
1292 2422 1483 2509 milligram-

355 2531 446 2593 mata
470 2531 534 2594 500
557 2535 596 2595 ut
618 2529 771 2595 neutrius
792 2530 971 2596 reactiouis
994 2529 1071 2608 siut,
1095 2529 1182 2595 acidi
1204 2531 1362 2596 normalis
1381 2529 1484 2596 centi-

355 2639 463 2700 metra
492 2635 608 2702 cubica
642 2639 717 2714 13,4
747 2637 789 2701 ad
816 2639 889 2714 13‚5
912 2636 1096 2722 requirant,
1119 2636 1208 2722 quod
1232 2637 1387 2702 convenit
1409 2657 1484 2703 cum

355 2740 484 2828 lu‘200³
509 2743 661 2828 pertibus
683 2743 873 2809 centesimis
898 2745 939 2809 99
963 2743 1005 2809 ad
1031 2746 1104 2809 100.

591 3223 861 3320 tartonas
896 3227 1246 3344 maonesicus.

774 3405 952 3486 Magnesia
974 3405 1067 3471 alba.

399 3545 543 3632 MgGOg,
567 3545 733 3632 Mg(OH)2
755 3550 789 3611 et
805 3546 885 3633 320
905 3546 1110 3631 quantitates
1132 3546 1243 3612 varias
1265 3547 1448 3611 continens.

400 3697 521 3763 Frusta
543 3697 627 3775 alba,
640 3696 816 3782 levissime,
833 3719 917 3784 quae
929 3696 1026 3763 facile
1042 3697 1077 3761 in
1092 3697 1262 3783 pulverem
1274 3695 1481 3782 rediguntur,

354 3805 408 3869 vel
425 3804 536 3890 pulvis
559 3805 663 3882 albus,
688 3805 885 3871 levissimus.
911 3803 1082 3872 Carbones
1105 3804 1313 3890 magnesicus
1338 3803 1374 3868 in
1396 3825 1483 3889 aqua

354 3931 472 3995 parum
494 3911 646 3990 solvitur,
666 3911 781 3976 addito
799 3911 894 3977 acido
909 3911 1030 3977 uitrico
1043 3911 1160 3990 diluto,
1173 3909 1356 3996 dioxydum
1368 3909 1483 3975 carbo-

355 4017 465 4082 uicum
488 4018 654 4096 emittens,
676 4016 839 4103 liquorem
861 4019 996 4097 clarum,
1016 4017 1135 4084 coloris
1153 4022 1322 4102 expertem
1334 4015 1480 4102 praebet,

352 4123 389 4189 in
423 4144 498 4208 quo,
533 4145 593 4209 per
626 4124 827 4189 ammoniam
860 4125 1000 4191 alcaliuo
1031 4125 1131 4203 factu,
1156 4125 1272 4190 addito
1294 4123 1481 4209 phosphste

353 4229 482 4296 natrico
506 4231 760 4317 praecipitatum
783 4232 904 4310 album,
928 4233 1158 4318 crystallinum
1181 4231 1368 4319 deponitur.
