3582 5034
871 467 935 530 360

337 683 373 724 m

434 774 545 836 Aquae
566 768 751 844 partibus
772 769 992 844 nonaginta
1007 814 1369 831 ..........
1427 772 1466 830 90

335 865 440 930 mixta
462 887 631 951 concoque
654 865 733 930 dum
757 888 838 952 sepo
862 872 954 932 totus
978 873 1125 934 secretus
1148 869 1202 934 sit.

381 972 408 1036 Ε
443 993 552 1037 massa
586 973 720 1057 saponis
754 973 846 1052 dura,
881 972 1088 1059 refrigerata,
1112 975 1274 1060 liquorem
1299 976 1462 1042 inclusum

334 1083 367 1144 et
379 1079 614 1144 adhaerentem
627 1080 806 1164 premendo
817 1101 961 1158 remove,
972 1102 1114 1146 massam
1127 1104 1317 1167 expressam
1330 1089 1462 1148 contere

431 1193 541 1255 Aquae
562 1187 746 1264 partibus
767 1188 1061 1264 quinquaginta
1077 1233 1365 1249 ........
1422 1190 1461 1248 50

333 1307 399 1370 quo
423 1283 514 1349 facto
538 1285 659 1349 iterum
682 1285 839 1370 exprime.

378 1392 544 1477 Saporem
568 1392 603 1455 in
619 1391 729 1457 frusta
741 1414 844 1478 parva
855 1393 1000 1457 divisum
1012 1398 1046 1458 et
1057 1393 1124 1458 leni
1136 1394 1243 1460 calore
1256 1395 1414 1460 siccatum
1427 1394 1461 1459 in

334 1498 504 1583 pulverem
527 1498 611 1584 (Bes)
632 1499 757 1585 redige.

376 1604 490 1669 Pulvis
523 1605 627 1684 albus,
664 1606 776 1670 odoris
809 1605 881 1670 fere
915 1629 1043 1692 expers,
1079 1609 1136 1693 qui
1171 1607 1206 1671 in
1240 1629 1326 1694 aqua
1349 1609 1403 1673 vel
1425 1609 1460 1672 in

332 1712 451 1797 spiritu
474 1712 604 1777 solutus
627 1712 789 1798 liquorem
813 1713 938 1778 clarum
961 1713 1108 1798 praebet.

376 1818 490 1883 Pulvis
524 1819 558 1882 in
593 1819 713 1904 spiritu
735 1824 770 1902 (1
789 1847 822 1878 =
841 1821 897 1903 25)
920 1819 1048 1885 solutus
1072 1821 1190 1886 caloris
1209 1822 1315 1907 gradu
1339 1821 1397 1886 15⁰
1418 1844 1460 1886 ne

329 1929 407 2009 post
429 1924 528 1990 horas
552 1929 594 1989 24
617 1926 750 2011 quidem
772 1927 948 2012 quicquam
972 1934 1122 1993 secernat
1133 1929 1252 2013 (oleum
1267 1927 1459 2011 Arachc'dls)

330 2053 415 2096 neve
433 2033 638 2117 gelatinosus
656 2034 716 2097 fiat
733 2055 817 2098 neve
828 2033 943 2098 addito
955 2035 1271 2119 phenolphthaleino
1283 2036 1457 2101 coloretur.

374 2138 478 2204 Acida
511 2139 649 2225 adiposa
684 2162 701 2204 e
725 2140 867 2225 Saponis
891 2141 1046 2206 medicati
1069 2143 1264 2229 grammatis
1289 2147 1308 2206 5
1331 2150 1458 2209 secreta

328 2267 370 2310 ne
394 2251 534 2331 reagant
556 2247 592 2310 in
615 2247 724 2311 oleum
747 2247 876 2311 Sesami
898 2270 983 2312 neve
1006 2249 1041 2311 in
1064 2249 1172 2313 oleum
1197 2249 1364 2334 Gossypii.

375 2353 463 2438 Sapo
498 2353 682 2418 medicatus
716 2354 856 2418 chloreti
890 2355 1010 2420 natrici
1044 2363 1156 2440 partes
1186 2355 1385 2421 centesimas
1415 2379 1457 2422 ne

328 2460 403 2546 plus
437 2481 536 2546 quam
573 2462 591 2523 2
626 2461 805 2538 contineat,
840 2461 874 2525 id
909 2458 998 2546 quod
1032 2460 1080 2524 ita
1114 2461 1290 2525 statuitur:
1316 2459 1457 2545 Saponis

328 2566 483 2631 medicati
521 2567 716 2651 grammatic
752 2570 771 2630 2
806 2568 841 2631 in
875 2588 979 2652 aquae
1013 2567 1219 2631 centimetris
1254 2566 1379 2632 cubicis
1414 2569 1456 2630 50

327 2673 455 2751 solutis,
481 2674 589 2738 calore
607 2674 768 2752 adhibito,
788 2675 919 2739 acidum
940 2673 1095 2738 uitricum
1115 2672 1257 2737 dilutum
1277 2672 1361 2737 adde
1376 2673 1454 2737 dum

326 2780 421 2846 acida
458 2780 596 2865 adiposa
630 2786 756 2846 secreta
791 2781 868 2846 sint.
927 2780 1033 2845 Mixta
1067 2778 1266 2864 refrigerata
1299 2779 1387 2843 filtra
1422 2785 1455 2844 et

324 2886 450 2951 filtrum
474 2887 546 2955 elue
568 2887 648 2952 dum
672 2894 787 2974 parata
799 2889 867 2953 sint
879 2888 1076 2953 centimetra
1087 2887 1203 2952 cubica
1217 2889 1292 2951 100.
1305 2886 1454 2966 Quorum

324 2993 523 3058 filtratorum
560 2995 764 3059 centimetris
799 2994 923 3059 cubicis
955 2997 997 3058 50
1028 2993 1113 3058 adde
1136 2993 1270 3058 nitratis
1292 2993 1455 3079 argentici

324 3099 555 3165 decinormalis
590 3101 785 3165 centimetra
818 3101 934 3166 cubica
971 3103 1011 3164 10
1046 3105 1080 3164 et
1113 3100 1291 3165 solutionis
1322 3099 1454 3166 curratis

322 3203 622 3271 ammonicoferrici
656 3212 823 3272 saturatae
857 3213 971 3293 guttas
1006 3210 1047 3286 33
1079 3209 1209 3293 argenti
1232 3209 1453 3294 quantitatem

323 3312 536 3377 excedentem
555 3335 614 3399 per
625 3312 893 3399 suliocyanetum
905 3314 1128 3380 ammonicum
1140 3314 1361 3380 decinormale
1373 3317 1453 3381 titre

322 3419 401 3483 dum
425 3419 516 3484 color
537 3421 638 3485 ruber
661 3421 780 3499 oriens,
805 3442 879 3486 cum
902 3421 1011 3507 liquor
1033 3426 1220 3507 quassatur,
1245 3443 1313 3485 non
1337 3422 1451 3487 statim

321 3525 701 3591 evanescatSolutionis
725 3527 1454 3613 nitratisargenticidecinormalisadhibitas

322 3632 516 3696 centimetra
551 3633 665 3697 cubica
693 3633 824 3719 singule
847 3635 1050 3700 conveniunt
1073 3657 1148 3702 cum
1171 3635 1310 3701 chloreti
1334 3635 1452 3700 notrici

321 3737 599 3823 milligrammatis
625 3743 709 3817 5,85.

367 3843 455 3929 Sapo
489 3845 672 3910 medicatus
695 3846 813 3912 caloris
836 3849 942 3933 gradu
968 3850 1047 3914 100⁰
1070 3851 1211 3915 siccatus
1231 3848 1387 3934 ponderis
1409 3869 1451 3912 ne

320 3950 395 4035 plus
417 3972 517 4036 quam
540 3957 652 4036 partes
675 3954 872 4019 centesimas
896 3957 915 4019 5
939 3956 1082 4020 omittat.

788 4201 934 4210 ...m—u*-
939 4202 989 4210 ι...-
