3466 5038
1319 503 1384 550 xlx

339 677 524 742 millimetri
548 674 675 762 partem
697 677 869 742 dimidiam
892 679 973 763 (0,5)
996 699 1057 764 pro
1080 679 1242 744 examinis
1262 680 1407 765 longitu-

341 784 430 849 dinis
452 784 644 850 decimetris
666 785 818 871 singulis.

272 912 300 958 c.
342 891 461 956 Sintne
472 899 654 956 constantes
664 892 972 976 indecognoscitur‚
982 893 1072 977 quod
1080 893 1218 976 trutina,
1228 897 1262 958 et
1270 898 1408 958 onerata
1519 957 1521 960 .

342 1003 376 1062 et
386 1019 455 1062 non
465 1003 614 1077 onerata,
627 1004 727 1076 mota,
740 999 1004 1064 oscillationibus
1016 1003 1210 1064 constanter
1221 998 1406 1064 minutiori·

341 1104 404 1168 bus
426 1104 470 1169 ad
493 1110 619 1170 statum
636 1106 796 1171 libratum
810 1105 899 1170 redit
919 1115 953 1170 et
971 1111 1080 1170 status
1092 1105 1233 1171 libratus
1245 1106 1407 1170 examinis

342 1213 566 1277 extremitatis
596 1212 681 1277 alter
709 1217 787 1299 post
815 1213 958 1278 alterum
979 1234 1047 1278 non
1071 1213 1145 1299 plus
1168 1213 1281 1278 differt
1307 1235 1406 1298 quam

341 1319 525 1383 millimetri
548 1323 677 1404 partem
699 1319 871 1384 dimidiam
893 1321 973 1403 (0,5)
999 1340 1060 1404 pro
1079 1319 1241 1385 examinis
1259 1319 1407 1404 longitu-

343 1424 431 1488 dinis
454 1424 644 1491 decimetris
665 1426 816 1512 singuiis.
946 1486 948 1490 .

321 1640 373 1702 13.
419 1637 600 1722 Liquorum
611 1643 784 1724 guttarum
796 1639 927 1724 pondus
939 1639 1101 1704 statuitur
1113 1660 1171 1723 per
1183 1638 1406 1714 stillatorium‚

272 1749 444 1829 receptum
465 1745 498 1808 in
524 1743 837 1810 Consultationibus
860 1746 985 1811 habitis
1007 1750 1046 1810 ut
1068 1744 1309 1810 medicamenta
1327 1743 1407 1808 vali-

273 1849 370 1915 diora
402 1852 552 1936 paranda
580 1852 670 1916 inter
701 1873 816 1917 omnes
847 1853 1000 1918 nationes
1031 1852 1258 1917 convenirent.
1296 1850 1406 1914 Huius

275 1958 445 2023 stillatorii
475 1979 523 2036 os,
555 1951 621 2044 quo
643 1959 754 2044 liquor
775 1957 894 2036 affluit,
918 1958 1082 2023 diametro
1105 1959 1287 2024 millimetri
1312 1957 1406 2043 quin-

274 2067 384 2127 tarum
406 2065 509 2129 trium
531 2067 621 2149 (0‚6),
646 2065 748 2130 situm
771 2071 823 2129 est
844 2065 880 2129 in
903 2065 1012 2130 medio
1028 2066 1129 2150 plano
1143 2065 1299 2146 rotundo,
1313 2064 1407 2128 cuius

273 2168 453 2235 diametros
462 2171 904 2257 eatmillimetrum3.Aquae
912 2177 1029 2258 guttae
1037 2167 1405 2256 20,calorisgradul5⁰‚

273 2297 333 2360 par
354 2277 445 2342 hune
465 2284 664 2363 apparatum
687 2279 841 2362 stillatae,
866 2280 994 2364 pondus
1017 2278 1141 2343 habent
1163 2278 1358 2362 grammatic
1376 2280 1405 2340 1.

319 2492 371 2554 14.
406 2489 721 2578 In'medicamentis
743 2492 878 2577 liquidis
901 2491 1166 2577 praescribendis
1190 2488 1327 2553 medicis
1350 2510 1407 2552 au-

272 2601 382 2660 ctores
411 2617 537 2675 sumus,
560 2604 607 2675 ut,
632 2603 794 2683 quantum
817 2603 967 2684 possunt,
991 2598 1083 2663 dosis
1105 2618 1280 2661 numerum
1304 2595 1406 2660 centi-

273 2705 419 2766 metrum
449 2701 648 2781 cubicorum,
679 2725 748 2768 non
778 2703 999 2770 cochlearium
1028 2702 1186 2766 indicent.
1222 2699 1319 2779 Quod
1349 2698 1407 2763 ubi

270 2806 344 2870 fieri
366 2829 438 2872 non
460 2813 581 2892 potest,
604 2811 789 2875 cochlearia
811 2811 1030 2877 aestimentur
1053 2809 1223 2874 continere
1246 2807 1363 2871 haece:

399 2929 563 2997 Cochlear
584 2934 745 2999 cibarium
770 2939 786 3000 1
816 2960 850 2995 =
877 2935 1073 3000 centimetra
1095 2933 1211 2998 cubica
1235 2936 1286 2997 15.

400 3036 563 3104 Cochlear
585 3041 685 3126 pultis
769 3046 786 3107 1
816 3069 850 3102 =
876 3041 1073 3106 centimetra
1095 3040 1210 3106 cubica
1256 3041 1287 3103 8.

401 3143 565 3210 Cochlear
586 3149 682 3212 thece
769 3153 786 3212 1
815 3176 849 3209 =
876 3148 1072 3213 centimetra
1095 3147 1211 3212 cubica
1257 3148 1287 3210 3.
1388 3219 1390 3226 ¹
