3582 5034
901 528 964 592 267

412 724 537 810 Liquor
559 721 812 800 flevidefuscus‚
837 723 987 809 spissior,
1002 722 1114 788 odoris
1126 723 1262 808 proprii,
1276 723 1333 809 qui
1344 725 1494 790 cheriem

367 831 625 916 exploratoriem
636 829 830 906 caeruleam,
843 829 1063 894 madefactam
1074 829 1186 895 reddit
1197 831 1342 896 rubram.
1365 833 1499 897 Pondus

367 937 555 1023 specificum
578 940 678 1014 0‚940
701 937 743 1001 ed
767 939 877 1014 0,960.

412 1045 529 1110 Oleum
554 1042 722 1121 Crotonis,
747 1045 782 1107 in
806 1044 925 1109 belnee
945 1065 1050 1130 equae
1069 1041 1277 1122 calefactum,
1291 1044 1499 1111 inslcoholie

366 1151 511 1217 absoluti
533 1151 701 1215 volumine
724 1150 849 1236 duplici
872 1152 1031 1216 solvetur.

412 1258 486 1324 Olei
520 1256 679 1323 Crotonis
713 1257 911 1322 centimetre
941 1257 1057 1323 subies
1079 1258 1240 1322 nonnulle
1263 1259 1292 1322 si
1315 1279 1390 1323 cum
1412 1257 1499 1324 ccidi

367 1364 477 1429 uitrici
512 1363 584 1449 pari
615 1363 784 1427 volumine
819 1384 981 1428 converse
1015 1368 1122 1441 eremi,
1153 1363 1268 1428 eddits
1298 1365 1500 1450 hydrargyri

365 1471 552 1555 quantitate
586 1492 698 1556 parve,
724 1470 832 1534 oleum
856 1475 934 1554 post
957 1471 1056 1534 hores
1078 1470 1266 1547 nonnullas,
1291 1470 1368 1536 licet
1393 1472 1498 1535 mulio

367 1576 505 1661 spissius
539 1576 667 1641 fectum
702 1577 755 1653 sit,
787 1597 871 1640 neve
902 1581 1014 1641 temen
1048 1582 1157 1642 totum
1188 1598 1272 1641 neve
1306 1577 1427 1662 partim
1462 1576 1498 1640 in

366 1704 508 1747 massam
531 1684 672 1748 solidam
694 1685 823 1749 abierit.

410 1789 527 1854 Oleum
551 1789 710 1856 Crotonis
732 1813 775 1855 ne
797 1791 924 1855 diutius
947 1812 1047 1875 quem
1069 1811 1173 1854 unum
1190 1801 1317 1854 sunum
1336 1794 1496 1855 servetur.

483 1952 596 2011 Doses
618 1953 797 2011 maximae
823 1953 982 2028 singulae
1004 1952 1336 2028 milligrammatum
1357 1951 1408 2014 50.

484 2049 597 2109 Doses
619 2049 798 2110 maximae
821 2065 882 2124 per
903 2051 1008 2110 horas
1030 2050 1173 2109 vicenas
1195 2051 1385 2124 quaternas

524 2147 858 2224 milligrammatum
880 2149 952 2212 1⁰0.

376 2728 424 2826 -Ι-
451 2731 589 2825 Oleum
614 2731 718 2850 ‚fagi
753 2731 1132 2850 empyreumsticum
1168 2729 1415 2849 depuratum.

409 2909 533 2995 Liquor
566 2908 779 2974 rectificendo
814 2914 950 2994 persius
980 2929 998 2972 e
1028 2907 1100 2993 pice
1122 2907 1249 2992 liquide
1272 2907 1496 3000 destillatione

366 3015 451 3082 sicce
485 3021 601 3101 perata
632 3037 650 3079 e
680 3015 783 3101 ligno,
815 3016 905 3100 quod
929 3015 1067 3100 praebet
1090 3014 1232 3101 Fegus
1263 3013 1494 3100 sylvatice,

366 3121 465 3187 Lmu.
491 3123 548 3208 Sp.
573 3123 621 3187 Pl.
647 3125 722 3187 998.

408 3284 533 3370 Liquor
556 3283 663 3370 egilis,
687 3283 775 3348 clere
799 3282 919 3360 flavus,
944 3283 1002 3367 qui
1024 3304 1100 3346 uere
1123 3303 1202 3346 mox
1223 3281 1367 3346 colorem
1378 3281 1496 3346 rubro-

364 3389 496 3455 fuscum
534 3389 648 3467 trehit,
684 3389 797 3454 odoris
830 3389 966 3474 proprii,
1003 3389 1111 3474 qualis
1145 3395 1197 3453 est
1220 3387 1302 3473 picis
1329 3387 1495 3472 liquidse3

364 3501 480 3580 guttae
488 3497 678 3575 nonnullae,
691 3518 844 3562 unacum
857 3497 1023 3561 solutione
1037 3495 1189 3581 hydretis
1197 3493 1496 3569 kelicicelefeetee,

365 3603 500 3668 odorem
542 3610 706 3690 spargunt
745 3604 948 3669 aethereum.
995 3603 1130 3668 Pondus
1175 3602 1363 3688 specificum
1399 3599 1498 3678 0‚960

364 3707 406 3772 ed
429 3711 538 3787 0,980.
564 3711 683 3776 Oleum
706 3711 789 3796 Fegi
813 3709 1131 3796 empyreumsticum
1154 3709 1352 3794 depuratum
1363 3709 1399 3771 in
1411 3728 1499 3793 sque

364 3813 434 3880 fere
457 3838 526 3881 non
549 3817 708 3896 solvitur3
732 3818 767 3881 in
787 3817 937 3882 elcohcle
949 3817 1112 3894 absoluto,
1127 3817 1162 3880 in
1174 3817 1317 3893 aethere,
1331 3815 1365 3878 in
1378 3813 1499 3898 spiritu

365 3927 474 3986 totum
497 3923 648 4002 solvitur,
673 3925 707 3988 in
730 3925 864 3990 aethere
888 3924 1026 4008 petrolei
1049 3923 1292 4010 quodammodo
1316 3921 1497 3986 turbatum.

409 4031 525 4114 Aquae
549 4031 782 4095 centimetrum
805 4029 998 4095 cubicorum
1022 4035 1041 4094 5
1054 4052 1129 4095 cum
1142 4030 1215 4095 Olei
1228 4028 1310 4114 Fsgi
1323 4047 1496 4111 empyreu-

365 4135 477 4200 mstici
501 4136 656 4223 depursti
679 4143 778 4224 gutte
802 4141 819 4200 1
845 4141 1145 4222 cenqusssstcrum
1168 4136 1294 4200 filtreis
1318 4131 1496 4198 resceicnis

367 4241 434 4307 siut
458 4243 594 4320 ecids03
618 4243 734 4308 addua
757 4265 844 4328 equs
867 4241 1030 4318 brcmeie,
1054 4244 1151 4308 valde
1174 4243 1367 4307 lactescunt.
