3544 5050
880 497 946 560 450

391 691 517 777 Liquor
540 690 765 768 fuscoviridis,
790 689 920 778 superis
945 689 1041 756 ecris.

389 799 569 865 Tinctume
600 799 755 865 Lobeliee
774 799 980 864 centimetris
1002 797 1128 863 cubicis
1152 801 1172 862 5
1194 821 1255 885 per
1277 799 1477 865 solutionem

345 907 497 992 hydrsiis
520 906 620 971 kelici
644 906 794 970 ulculinie
816 905 926 984 fectis,
954 904 1074 970 deinde
1097 927 1173 970 cum
1191 907 1325 972 aethere
1337 906 1478 991 petrolei

344 1013 584 1098 conquassatis,
610 1034 693 1098 quee
709 1013 750 1078 de
762 1014 905 1091 aethere,
918 1013 1028 1079 celere
1040 1035 1108 1078 non
1120 1013 1281 1090 adhibito,
1294 1019 1477 1099 evaporato

343 1123 553 1205 supererunt,
589 1119 701 1184 odoris
735 1121 804 1184 sint
837 1119 994 1184 neuseosi
1014 1124 1057 1198 et,
1081 1118 1197 1184 addito
1219 1119 1477 1205 molybdaenete

344 1227 531 1292 emmonico
543 1227 578 1290 in
586 1226 681 1292 ecido
690 1226 892 1310 sulfuricou
901 1254 934 1287 :
943 1229 1044 1310 1000)
1052 1227 1173 1304 soluto,
1186 1227 1330 1292 colorem
1342 1227 1477 1292 trahunt

344 1333 438 1418 prius
460 1333 602 1410 fuscum,
627 1332 747 1398 deinde
773 1333 924 1398 viridem.

390 1440 525 1505 Pondus
560 1439 750 1526 specificum
784 1441 1079 1519 0‚891nd0,901.
1111 1441 1272 1506 Tinctum
1294 1445 1478 1526 evaporata

343 1569 413 1612 non
435 1547 546 1612 minus
577 1569 676 1632 quem
705 1549 812 1633 pertis
835 1548 1035 1613 centesimae
1069 1552 1181 1632 peries
1210 1553 1371 1634 quattuor
1391 1548 1478 1632 (0,8)

344 1655 521 1740 relinquet.

341 1797 453 1857 Doses
473 1799 655 1858 maximae
675 1799 835 1874 singulae
855 1803 1097 1875 grammstnm
1117 1799 1146 1859 2.

341 1896 456 1956 Doses
467 1897 649 1957 maximae
661 1897 697 1956 in
709 1898 816 1956 horas
829 1897 972 1957 vicenas
987 1900 1177 1972 quaternas
1192 1897 1434 1973 grammatum
1444 1894 1476 1957 ὅ.

580 2366 631 2463 -Ι-
664 2370 917 2463 Tinctum
950 2371 1154 2465 Moschi.

391 2539 584 2603 Purendne

441 2651 563 2702 ueneni
591 2647 776 2723 pertibus
803 2644 955 2704 duabus
982 2692 1389 2708 ...........
1460 2651 1478 2686 ⁸³

440 2749 582 2814 epiricus
610 2750 708 2802 diluti
733 2743 1269 2822 portibusquinquagintn..
1303 2791 1309 2804 .
1343 2791 1349 2804 .
1382 2793 1388 2804 .
1438 2747 1480 2804 50

441 2851 552 2912 Aquae
584 2842 768 2919 pertibus
794 2843 1088 2920 quinquaginta
1101 2888 1387 2902 ........
1437 2845 1477 2901 50

387 2959 513 3044 Liquor
535 2956 660 3035 fuscus,
686 2958 860 3022 Moschum
884 2957 981 3022 valde
1004 2957 1167 3024 redolens.

387 3065 547 3131 Tincburc
556 3065 694 3142 Moschi,
704 3086 791 3150 eque
803 3086 863 3150 pro
879 3065 998 3150 quevis
1011 3065 1166 3149 portione
1177 3064 1301 3144 addite,
1312 3065 1476 3150 liquorem

342 3173 479 3257 praebet
502 3173 638 3240 elerum.

808 3403 1012 3414 —nu-

642 3636 892 3730 Tinctum
931 3637 1175 3756 Nyrrhae.

389 3811 542 3876 Pursnde
564 3833 582 3874 e

442 3923 593 3985 Myrrhae
618 3917 657 3974 in
678 3917 878 3993 pulverem
902 3921 982 3998 (Bm)
1003 3921 1189 3979 redactae
1211 3919 1395 3996 pertibus

482 4014 631 4088 viginti
658 4059 1387 4078 ...................
1436 4017 1476 4076 20

345 4117 378 4175 et

442 4223 584 4286 Spfflfflfl
609 4221 795 4295 pertibus
820 4231 974 4283 centum
982 4269 1389 4284 ...........
1419 4223 1478 4282 100
